4748 6098
1049 297 1300 373 -50,

253 498 300 547 ion
354 497 447 547 turbon
466 510 498 545 ne
533 495 609 546 losa'o
678 496 776 544 maarde
860 498 899 544 hia
1061 492 1076 553 Ἰ
1115 509 1165 544 swa
1182 496 1236 544 hwa
1304 494 1484 555 glundspyrnas
1550 506 1626 541 mum
1669 494 1697 541 ot
1731 493 1804 543 'hiesu
1838 494 1963 542 lasestum
2006 492 2156 554 giletandnm

239 575 329 640 uobis
390 597 454 639 non
515 575 626 663 perdet
646 574 823 639 mercedem
844 597 941 639 suam.
983 575 1034 639 42.
1045 574 1087 639 Et
1107 573 1245 659 quisquis
1267 571 1520 636 scandalizarent
1541 593 1637 635 unum
1663 592 1703 636 ex
1747 573 1795 635 his
1837 571 1957 659 pusillis
1979 571 2173 635 credentibus

247 710 274 759 in
308 725 361 761 mee
416 710 464 772 god
529 713 552 760 is
586 712 640 761 him
673 710 769 760 author
803 712 841 773 git
875 712 910 761 'te
928 713 964 760 aie
983 709 1119 774 pnbnnden
1137 709 1148 756 i
1165 707 1275 769 pnsaeled
1294 708 1343 757 bi't
1378 719 1488 755 cwearne
1531 706 1662 768 byrtanna
1706 715 1732 756 to
1749 709 1821 756 swira
1877 709 1916 757 hla
1967 704 1983 766 Ἰ
2027 719 2059 755 on
2107 720 2140 754 se

241 789 273 853 in
308 811 359 855 me
379 791 496 854 bonum
517 800 564 856 est
599 791 627 855 ei
673 790 773 876 magis
811 789 836 852 si
982 786 1223 852 circumdaretur
1394 785 1478 849 mola
1535 786 1667 850 asinaria
1728 787 1809 851 collo
1862 787 1926 850 eius
1958 795 1989 850 et
2025 785 2058 848 in
2089 806 2176 848 mare

240 925 359 986 gisended
376 941 438 975 were
563 925 579 986 Ἰ
616 906 669 988 gil¹
730 939 867 988 onspyrnas
959 923 1009 972 ’ὁοο
1042 924 1126 973 hunda
1166 922 1215 972 'din
1263 923 1346 971 aueort
1396 921 1433 971 δι
1449 922 1500 970 ileu
1568 921 1619 981 god
1684 923 1705 971 is
1758 921 1793 973 sa
1861 923 1939 972 unhul
2020 923 2079 984 iuga
2148 923 2176 968 in

241 1005 421 1070 mitteretur.
485 1006 536 1070 43.
555 1004 597 1070 Et
624 1006 649 1068 si
676 1004 929 1069 scandalizauerit
966 1012 997 1066 te
1027 1025 1136 1066 manus
1158 1012 1210 1065 tua
1231 999 1376 1065 abscinde
1403 1000 1499 1064 illam.
1524 1000 1640 1064 bonum
1669 1011 1715 1065 est
1742 1002 1796 1065 tibi
1825 1002 1960 1066 debilem
1988 1001 2115 1065 introire
2145 999 2177 1063 in

278 1140 309 1187 lil
360 1140 446 1190 ³donne
489 1148 537 1188 twa
581 1140 664 1189 hunda
741 1142 825 1191 haebbe
883 1155 961 1203 gonge
996 1141 1023 1188 in
1083 1139 1193 1199 tlntergu
1337 1139 1402 1198 lyras
1466 1141 1492 1187 ln
1510 1136 1704 1198 nnadryeondlic
1850 1137 1898 1186 'der
1932 1150 2037 1198 wyrmas
2088 1138 2159 1186 hiera

241 1219 335 1282 uitam
357 1240 451 1304 quam
474 1218 550 1282 duas
572 1241 681 1282 manus
702 1219 868 1284 habentem
902 1221 947 1283 ire
995 1219 1027 1282 in
1048 1219 1225 1304 gehennam
1251 1217 1285 1281 in
1315 1217 1421 1303 ignem
1448 1215 1716 1302 inextinguibilem
1765 1217 1816 1279 44.
1844 1216 1898 1280 ubi
1926 1215 2040 1280 uermis
2067 1235 2177 1280 eorum

267 1370 298 1404 na
332 1355 396 1405 bia'6
414 1354 494 1406 deode
527 1352 543 1414 Ἰ
581 1355 664 1430 ῇΐγῐ
699 1371 729 1404 ne
763 1355 811 1404 bit
828 1354 964 1416 gidrysnad
1091 1350 1107 1412 Ἰ
1145 1354 1184 1415 gil
1216 1354 1278 1402 soett
1313 1352 1375 1401 'elne
1413 1353 1461 1402 'teo
1506 1352 1656 1414 onspumab
1730 1355 1797 1400 ceort
1846 1353 1978 1402 hinal'ta
2030 1351 2079 1413 god
2140 1351 2163 1398 is

201 1433 307 1498 bnon
348 1435 479 1499 moritur
521 1446 551 1499 et
581 1435 661 1520 ignis
683 1457 746 1499 non
765 1434 966 1519 extinguitur.
1008 1434 1058 1499 45.
1080 1432 1122 1497 Et
1155 1432 1182 1498 si
1224 1453 1277 1517 pes
1317 1440 1386 1495 tuns
1420 1442 1451 1495 te
1492 1429 1681 1495 scandalizat
1706 1441 1832 1517 amputa
1866 1431 1963 1494 illum.
1993 1430 2110 1495 bonum
2131 1440 2179 1493 est

222 1552 285 1616 ¹'ba
371 1569 425 1617 halt
492 1576 517 1618 to
537 1583 667 1630 gonganne
702 1570 728 1617 in
781 1570 811 1617 lr'f
881 1602 883 1609 .
929 1584 970 1618 ece
1046 1569 1133 1619 'donne
1168 1575 1248 1629 toroge
1297 1570 1350 1618 lost
1435 1567 1519 1615 habuc
1578 1567 1654 1614 sends
1688 1568 1714 1614 in
1768 1568 1878 1629 tintergu
1945 1568 2011 1628 lyras
2064 1568 2160 1628 undry-

243 1647 299 1710 tibi
320 1647 464 1712 claudum
517 1648 643 1712 introire
695 1648 728 1709 in
750 1647 845 1710 uitam
865 1659 1021 1712 aeternam
1043 1670 1137 1733 quam
1169 1647 1247 1711 duos
1269 1647 1364 1733 pedes
1385 1646 1551 1711 habentem
1579 1646 1656 1710 mitti
1684 1647 1716 1709 in
1737 1647 1912 1732 gehennam
1940 1643 2021 1732 ignis
2046 1644 2179 1710 inextin-

256 1782 352 1831 sendlic
488 1782 535 1832 ’der
569 1797 672 1844 wyrmas
716 1785 785 1832 hiera
842 1798 874 1832 ne
914 1783 977 1832 bia'b
997 1784 1076 1831 deode
1111 1781 1127 1842 Ἰ
1166 1783 1217 1833 'tat
1235 1785 1274 1844 lyr
1308 1797 1339 1832 na
1381 1783 1430 1832 uit
1449 1783 1558 1843 dryansd
1709 1781 1761 1857 15oe
1811 1783 1849 1842 git
1899 1796 1958 1853 οςον
2003 1781 2053 1832 'dtu
2086 1781 2180 1843 glond-

244 1860 369 1945 guibilis
411 1861 461 1924 46.
484 1861 536 1925 ubi
564 1863 677 1926 uermis
699 1883 806 1926 eorum
827 1884 890 1926 non
928 1861 1059 1926 moritur
1100 1873 1132 1926 et
1172 1863 1253 1948 ignis
1290 1883 1353 1925 non
1374 1861 1573 1947 extinguitur.
1616 1861 1667 1924 47.
1689 1858 1785 1939 Quod
1809 1862 1834 1924 si
1863 1860 1970 1926 oculus
1991 1869 2061 1924 tuus
2091 1881 2180 1925 sean-

251 1997 363 2059 spyrne'b
399 1996 448 2046 'bea
481 2000 575 2059 giworp
611 1999 657 2045 hiae
726 1999 776 2058 god
845 2001 866 2046 is
909 1996 943 2047 ’bu
1000 1997 1069 2046 blind
1120 2004 1147 2045 to
1165 2011 1294 2059 gongnnna
1330 1999 1355 2045 in
1418 1998 1468 2044 rice
1532 1998 1609 2058 godes
1651 1997 1735 2046 bonne
1787 2005 1834 2046 tuu
1903 2012 1949 2057 egu
2059 1997 2143 2044 bebba

245 2072 357 2138 dalizat
405 2084 435 2138 te
488 2076 563 2139 ciiee
590 2098 669 2139 eum.
691 2076 807 2139 bonum
830 2084 876 2140 est
899 2076 953 2138 tibi
976 2076 1094 2139 luscum
1157 2075 1284 2140 introire
1325 2076 1357 2138 in
1379 2097 1512 2160 regnum
1540 2077 1601 2141 Dei
1647 2099 1739 2161 quam
1769 2077 1846 2140 duos
1874 2076 1980 2139 oculos
2011 2074 2180 2139 habentem

242 2212 345 2270 gisends
380 2212 407 2260 in
459 2213 570 2272 tintergu
633 2213 699 2272 tyreu
826 2211 873 2261 'aar
901 2225 1004 2271 wyrmas
1053 2212 1124 2260 biorn
1176 2226 1207 2260 ne
1241 2210 1378 2260 bi’bd'eade
1412 2209 1428 2270 Ἰ
1474 2214 1512 2272 tyr
1572 2214 1641 2261 hiera
1694 2228 1724 2261 ns
1768 2211 1816 2262 bit
1834 2212 1960 2273 adrysnad
2070 2211 2182 2272 eghwelc

251 2288 331 2351 mitti
377 2289 409 2351 in
429 2289 606 2375 gehennam
627 2289 708 2375 ignis
749 2291 798 2354 48.
821 2291 874 2356 ubi
895 2291 1008 2355 uermis
1031 2313 1138 2355 eorum
1162 2313 1226 2356 non
1247 2291 1377 2356 moritur
1399 2299 1428 2354 et
1449 2290 1530 2375 ignis
1551 2312 1659 2355 eorum
1680 2312 1743 2354 non
1757 2290 1965 2376 extinguitur.
1986 2289 2038 2353 49.
2067 2289 2182 2355 Omnis

243 2422 338 2472 turbon
374 2424 431 2473 rui’b
449 2426 501 2485 syre
536 2427 571 2474 sie
589 2425 712 2488 giicostad
747 2425 762 2486 Ἰ
800 2429 906 2489 eghwelc
940 2431 1018 2477 cvieu
1035 2430 1112 2479 almeo
1223 2428 1334 2490 gicostad
1352 2427 1400 2477 uio
1554 2427 1603 2487 god
1669 2427 1691 2475 ia
1729 2427 1780 2476 'brat
1797 2427 1845 2474 salt
1882 2426 1934 2475 'dat
1980 2426 2023 2473 sire
2057 2426 2106 2473 salt
2140 2430 2182 2487 gi-

184 2501 225 2563 10
249 2501 331 2565 enim
399 2501 473 2588 igne
561 2504 687 2569 salietur
740 2514 770 2570 et
802 2507 901 2571 omnis
963 2508 1087 2572 uictima
1137 2508 1202 2572 eale
1244 2507 1378 2598 salietur.
1439 2507 1490 2570 50.
1513 2505 1637 2570 Bonum
1659 2516 1706 2570 est
1767 2506 1821 2568 sal.
1870 2504 1954 2589 quod
1992 2504 2018 2566 si
2053 2504 2100 2568 sal
2135 2506 2182 2567 in·

266 2638 348 2685 lunful
410 2638 458 2687 bl't
511 2654 542 2687 on
579 2640 632 2690 'ton
667 2640 720 2690 'saet
763 2656 793 2704 ge
810 2613 921 2703 gibaldus
973 2644 1075 2693 habba'b
1110 2645 1196 2693 bttwlh
1236 2645 1285 2692 iow
1324 2643 1373 2690 salt
1412 2641 1428 2702 Ἰ
1472 2644 1539 2691 sibbe
1593 2643 1685 2690 hebbae
1720 2642 1805 2690 bitwih
1840 2644 1888 2690 low

248 2716 366 2781 sulsum
390 2717 481 2781 fuerit
511 2718 543 2780 in
579 2740 640 2804 quo
660 2718 738 2784 illud
763 2719 911 2784 condietis
919 2722 935 2784 ‘l
970 2722 1081 2785 habete
1146 2722 1179 2784 in
1222 2722 1310 2784 uobis
1332 2721 1379 2784 sal
1406 2731 1437 2785 et
1455 2739 1564 2802 pacem
1584 2721 1695 2785 habete
1723 2722 1804 2784 inter
1824 2742 1890 2788 uos.

604 2851 620 2912 Ἰ
682 2854 752 2904 ’tona
835 2870 887 2904 aras
981 2869 1036 2904 corn
1076 2856 1104 2903 in
1137 2856 1239 2917 gimaru
1283 2856 1356 2904 iudea
1423 2855 1546 2916 bigeonda
1605 2856 1724 2904 iordanen
1781 2853 1796 2914 Ἰ
1835 2857 2001 2917 glsomnsdnn
2049 2860 2183 2907 enarrem

372 2930 447 3018 Cap.
469 2931 512 2997 X.
543 2935 570 2995 l.
593 2932 633 2996 Et
674 2933 748 2998 inde
769 2954 940 3019 exsurgens
962 2934 1047 2998 uenit
1066 2934 1100 2998 in
1141 2934 1217 2998 finos
1246 2934 1382 2998 Iudaeae
1434 2933 1515 2997 ultra
1576 2932 1744 2999 Iordanem
1771 2946 1802 3000 et
1822 2938 2010 3000 conueniunt
2058 2936 2172 3000 iterum

376 3075 402 3116 to
438 3069 490 3115 him
532 3064 706 3125 3swa³6atte
738 3071 838 3130 giwuna
855 3083 911 3118 was
951 3072 1012 3119 atter
1030 3083 1091 3118 sona
1134 3070 1208 3118 lardo
1277 3072 1324 3118 hia
1451 3066 1466 3127 Ἰ
1511 3075 1537 3119 to
1552 3071 1730 3130 gineolleadun
1758 3070 1793 3120 'aa
1811 3071 1898 3120 laruas
1984 3072 2119 3133 gifrugnnn

249 3146 357 3208 turbae
375 3145 415 3208 ad
437 3167 506 3208 eum
531 3156 560 3210 et
602 3147 680 3210 sicut
728 3158 930 3212 consueuerat
970 3149 1081 3212 iterum
1114 3150 1244 3214 docebat
1274 3149 1362 3212 illos.
1395 3151 1425 3214 2.
1446 3149 1488 3214 Et
1529 3149 1708 3214 aecedentes
1751 3150 1903 3236 pharisaei
1946 3151 2183 3238 interrogabant

255 3280 313 3330 hine
342 3283 380 3342 git
395 3282 506 3330 isalcfsd
525 3296 587 3330 were
639 3281 729 3356 pail
806 3284 895 3330 forieta
938 3283 1073 3333 cnnnadun
1090 3286 1102 3333 l
1119 3285 1239 3334 costadun
1289 3285 1346 3334 hine
1449 3285 1499 3335 rob
1534 3287 1565 3335 ha
1642 3283 1744 3348 Jwyrda
1814 3287 1892 3336 cwaeb
1911 3288 1964 3335 him
1991 3289 2062 3336 hwnt
2105 3291 2155 3338 low

250 3381 321 3423 eum
347 3361 374 3421 si
416 3358 487 3423 lieet
525 3360 593 3424 uiro
623 3382 752 3425 uxorem
774 3361 926 3428 dimittere
1023 3375 1173 3429 tentantes
1277 3387 1358 3431 eum.
1401 3366 1430 3428 3.
1451 3366 1497 3429 At
1525 3365 1577 3430 ille
1599 3365 1789 3452 respondens
1811 3366 1891 3429 dixit
1918 3366 1961 3430 eis
1992 3366 2180 3451 quidnobis

246 3497 356 3545 biboden
374 3511 430 3546 was
465 3500 501 3546 fro
519 3512 605 3560 moysa
692 3498 774 3549 ’tabe
826 3501 927 3550 ewedon
1010 3505 1097 3565 forget
1160 3517 1258 3564 moyses
1355 3505 1402 3552 boe
1650 3500 1719 3576 pta
1735 3516 1798 3550 were
1816 3503 1919 3552 awriten
1960 3501 1976 3562 Ἰ
2043 3505 2149 3552 torleten

188 3577 228 3640 15
260 3576 418 3662 praecepit
456 3576 608 3662 Moyses?
648 3579 678 3641 4.
708 3576 772 3657 Qui
813 3580 959 3645 dixerunt
994 3581 1132 3668 permisit
1153 3582 1279 3668 Moyses
1321 3581 1462 3647 libellum
1502 3580 1623 3666 repudii
1719 3582 1854 3646 seribere
1965 3595 1996 3647 et
2016 3582 2182 3647 dimittere.

327 3727 393 3777 bam
503 3730 618 3790 onwyrde
688 3731 722 3780 5ο
740 3733 789 3781 hal
826 3734 904 3783 owed
930 3741 956 3784 to
991 3736 1134 3786 haudnisss
1175 3737 1261 3783 houna
1323 3734 1397 3781 iowre
1457 3739 1532 3781 aurat
1601 3735 1650 3780 iow
1753 3734 1843 3783 bibcod
1960 3736 2003 3785 'tis
2116 3737 2184 3785 trum

250 3806 280 3868 5.
303 3805 424 3884 Quibus
467 3807 658 3893 respondens
698 3808 787 3874 Iesus
838 3814 880 3875 ait
927 3815 967 3880 ad
996 3815 1141 3880 duritiam
1173 3811 1275 3876 cordis
1313 3811 1408 3875 uestri
1436 3811 1557 3896 scripsit
1588 3811 1676 3874 uobis
1707 3823 1906 3899 praeceptum
1937 3814 2028 3878 istud.
2071 3814 2100 3878 6.
2126 3815 2183 3878 Ab

248 3961 329 4007 fruma
375 3960 474 4008 wutudl
542 3960 650 4020 giscnlte
723 3962 901 4024 wepnedmenn
942 3960 958 4021 Ἰ
1028 3967 1145 4014 wllmenn
1181 3964 1272 4012 worbte
1314 3964 1360 4011 bia
1421 3963 1471 4022 god
1647 3968 1699 4014 lore
1777 3964 1849 4015 ’disse
1903 3966 2012 4015 sorleta't
2099 3980 2158 4015 mon

252 4038 339 4122 initio
381 4049 484 4104 autem
526 4049 687 4103 creaturae
727 4042 899 4106 masculum
941 4054 971 4106 et
1012 4043 1159 4108 feminam
1199 4043 1271 4107 fecit
1312 4064 1366 4108 eos
1407 4041 1504 4106 Deus.
1555 4043 1583 4105 7.
1611 4043 1745 4131 Propter
1785 4044 1846 4110 hoc
1886 4047 2040 4132 relinquet
2085 4046 2183 4111 homo

277 4190 352 4236 tader
426 4193 465 4239 his
535 4190 551 4251 Ἰ
622 4192 708 4241 moder
775 4188 791 4250 Ἰ
838 4193 973 4255 gineolicaa
1017 4201 1043 4244 to
1115 4197 1170 4244 wife
1256 4198 1294 4245 his
1448 4192 1464 4253 Ἰ
1502 4195 1599 4244 bio’ton
1635 4203 1729 4258 twoege
1764 4198 1791 4245 in
1827 4198 1934 4246 lichena
1981 4212 2028 4247 ana
2085 4198 2180 4248 torbon

254 4273 375 4351 patrem
402 4290 492 4330 suum
527 4280 557 4334 et
597 4282 728 4336 matrem
761 4282 792 4336 et
811 4272 992 4340 adhaerebit
1012 4275 1052 4339 ad
1082 4296 1213 4339 uxorem
1239 4296 1335 4338 sunm.
1379 4272 1407 4335 8.
1435 4272 1477 4336 Et
1509 4285 1600 4338 erunt
1651 4274 1713 4339 duo
1768 4277 1800 4340 in
1841 4299 1935 4341 earne
1976 4301 2047 4342 una.
2077 4279 2181 4363 itaque

252 4417 340 4466 wutud
374 4431 405 4467 na
440 4419 533 4466 sindun
569 4428 662 4484 twocge
698 4427 728 4473 ah
763 4441 811 4476 ana
845 4428 953 4478 llohoma
1030 4428 1107 4477 batto
1142 4427 1235 4476 fortun
1269 4426 1319 4487 god
1354 4426 1531 4487 emaglgedra’t
1567 4428 1622 4478 'boll
1639 4441 1732 4476 monno
1783 4442 1815 4478 ns
1849 4432 1986 4480 tormade’o
2004 4433 2034 4480 he
2152 4429 2170 4489 Ἰ

266 4496 329 4559 iam
362 4506 525 4561 non-sunt
580 4499 640 4565 duo
683 4504 739 4568 sed
761 4528 822 4569 una
856 4529 937 4570 caro.
980 4506 1009 4569 9.
1032 4504 1126 4582 Quod
1158 4526 1234 4590 ergo
1256 4503 1343 4568 Deus
1370 4505 1529 4569 coniunxit
1602 4505 1695 4572 homo
1769 4530 1832 4573 non
1875 4520 2004 4596 separet.
2069 4511 2117 4574 10.
2139 4510 2184 4575 Et

253 4651 281 4698 ln
324 4649 370 4696 hus
415 4653 476 4698 efter
493 4661 555 4696 sona
592 4649 685 4711 baguas
738 4657 775 4705 his
885 4657 1019 4717 girmguun
1116 4658 1174 4706 hine
1244 4658 1273 4704 oi
1302 4655 1366 4706 'dam
1377 4659 1426 4707 llca
1539 4657 1653 4719 leuat
1685 4661 1782 4709 tobim
1834 4675 1885 4709 swa
1904 4662 1981 4711 hwelc
2059 4665 2161 4713 lorletes

192 4727 233 4792 20
254 4729 286 4790 in
308 4727 402 4791 domo
431 4728 541 4792 iterum
563 4727 704 4814 discipuli
725 4733 790 4796 eius
818 4733 1090 4821 interrogauerunt
1110 4759 1181 4802 eum
1238 4736 1278 4799 de
1297 4737 1416 4803 eodem
1461 4741 1509 4802 ll.
1534 4738 1575 4803 Et
1595 4739 1638 4802 ait
1709 4740 1770 4803 illis
1820 4741 1997 4828 quicunque
2032 4742 2183 4808 dimiserit

305 4881 349 4926 wil
443 4881 481 4928 his
542 4875 558 4937 Ἰ
603 4880 667 4931 oser
735 4886 797 4935 lnde
849 4893 875 4935 to
894 4887 969 4935 derne
986 4889 1103 4951 piligrum
1174 4893 1209 4939 eft
1229 4889 1303 4938 sende
1364 4895 1416 4940 olor
1472 4893 1519 4940 hia
1683 4888 1813 4969 Ἰςίῐῇ
1833 4898 1877 4944 wll
1918 4897 2026 4947 torlateb
2105 4912 2156 4946 wer

255 4979 385 5022 uxorem
416 4981 502 5024 suam
531 4969 561 5023 et
587 4960 675 5026 aliam
710 4963 833 5029 duxerit
891 4966 1077 5033 adulterium
1158 4968 1318 5033 committit
1344 4992 1437 5057 super
1465 4992 1542 5034 eam.
1590 4971 1642 5034 12.
1672 4971 1713 5034 Et
1745 4973 1770 5035 si
1797 4997 1878 5039 uxor
1905 4975 2056 5040 dimiserit
2076 4977 2182 5041 uirum

270 5111 323 5158 hire
374 5106 453 5167 Ἰτο
473 5113 565 5162 ohram
643 5115 696 5163 loca
783 5119 825 5168 hio
844 5119 944 5181 syngab
1090 5117 1106 5178 Ἰ
1167 5122 1275 5170 brobtun
1327 5122 1424 5171 tobim
1498 5124 1559 5185 lytle
1644 5123 1696 5200 pte
1764 5128 1863 5188 gehrine
1915 5127 1981 5177 sam
2026 5128 2062 5179 'ta
2082 5128 2182 5190 segne

257 5210 346 5252 suum
376 5198 409 5254 et
470 5191 522 5255 alii
604 5195 743 5281 nupserit
769 5197 960 5292 moechatur.
1005 5201 1053 5263 13.
1077 5198 1117 5266 Et
1145 5200 1316 5268 offerebant
1358 5202 1403 5266 illi
1463 5204 1610 5289 paruulos
1657 5215 1690 5269 ut
1731 5215 1873 5292 tangeret
1913 5207 1994 5272 illos.
2037 5208 2182 5295 discipuli
