4748 6098
1007 288 1276 411 ..47..'

134 535 192 583 hina
223 532 275 609 1320
308 534 359 582 him
429 535 529 595 gahrine
695 528 711 590 Ἰ
760 533 763 537 ’
800 541 826 583 to
845 535 911 583 Iohia
1002 535 1090 583 honde
1125 532 1179 584 'das
1196 532 1284 584 blinda
1318 531 1398 581 laedda
1444 533 1503 581 hina
1547 533 1610 581 huto
1644 529 1698 581 ’tat
1715 530 1777 580 lond
1809 526 1825 589 Ἰ
1897 531 1979 593 spaoit
2037 533 2064 578 in

135 635 206 678 eum
237 626 271 678 ut
295 614 382 678 illum
411 623 561 699 tangeret
604 613 655 676 23.
684 611 726 676 Et
764 611 957 699 apprehensa
1000 634 1094 677 manu
1163 613 1245 676 caeci
1307 611 1415 676 eduxit
1439 630 1510 674 eum
1538 620 1626 674 extra
1665 609 1768 674 uicum
1808 618 1839 674 et
1866 630 2004 697 expuens
2033 610 2066 672 in

162 763 210 810 agn
275 750 314 797 his
368 756 500 799 onsetnum
535 748 647 798 hondnm
699 749 738 798 his
808 750 912 810 girragn
998 747 1056 796 hinc
1081 748 1120 808 gii
1152 748 1227 797 hwalc
1245 747 1365 808 hwoegnn
1399 747 1481 808 gisega
1617 740 1633 804 Ἰ
1667 744 1812 807 uploccads
1839 742 1918 793 cunii
1945 743 2069 804 iegisicm

136 828 242 893 oculos
264 827 328 892 cius
349 827 498 914 impositis
518 828 661 893 manibus
682 827 744 891 suis
767 825 972 912 interrogauit
992 846 1064 890 eum
1084 825 1110 889 si
1215 826 1289 911 quid
1372 823 1498 888 uideret.
1530 824 1580 889 24.
1601 822 1644 887 Et
1665 823 1817 910 aspiciens
1858 822 1902 885 ait
1962 821 2055 886 uideo

170 976 245 1013 monn
340 964 352 1011 i
437 960 526 1038 pirou
596 963 726 1025 gongsnda
880 963 948 1010 citer
966 962 1020 1010 ’oon
1206 967 1270 1011 setta
1348 959 1431 1011 honde
1482 961 1535 1009 oter
1602 973 1650 1020 egn
1718 960 1757 1007 his
1800 954 1816 1016 Ἰ
1855 970 1937 1020 ongan
1983 958 2052 1017 guen

136 1042 277 1105 homines
308 1041 393 1106 uelut
418 1042 545 1107 arbores
565 1042 767 1107 ambulantes.
810 1039 861 1104 25.
882 1036 1008 1105 Deinde
1029 1041 1141 1106 iterum
1162 1040 1307 1127 imposuit
1327 1060 1436 1102 manus
1457 1058 1550 1124 super
1571 1036 1677 1102 oculos
1698 1036 1763 1100 eius
1783 1045 1814 1100 et
1840 1035 1942 1122 coepit
1962 1033 2068 1098 uidere

143 1174 159 1236 Ἰ
206 1178 241 1225 cit
258 1177 357 1226 niowad
401 1190 456 1226 was
500 1191 552 1227 awo
578 1174 639 1252 13oe
673 1178 758 1238 gisege
793 1173 919 1236 giaowlioe
969 1175 1017 1223 alle
1175 1173 1191 1234 Ἰ
1234 1177 1310 1225 sende
1359 1174 1417 1222 hino
1458 1176 1485 1222 in
1554 1153 1602 1222 hus
1689 1172 1728 1220 his
1764 1171 1816 1222 ’ons
1834 1171 1969 1223 evehenda
2004 1185 2051 1234 gua

136 1264 167 1319 et
204 1255 360 1319 restitutus
408 1264 454 1319 est
496 1255 539 1318 ito
591 1265 625 1319 ut
656 1254 776 1319 uideret
813 1253 896 1317 clare
938 1253 1050 1318 omnia.
1093 1255 1144 1319 26.
1163 1254 1204 1319 Et
1231 1253 1314 1318 misit
1341 1252 1430 1317 illum
1455 1251 1489 1315 in
1518 1253 1645 1317 domum
1673 1273 1760 1315 suam
1823 1250 1927 1316 dicens
1989 1249 2069 1314 uade

136 1394 164 1440 in
231 1391 278 1439 hus
367 1390 413 1440 'oin
453 1391 469 1451 Ἰ
501 1392 540 1453 gii
571 1391 598 1438 in
642 1388 703 1438 lond
747 1388 786 1438 δυ
806 1401 929 1454 gegonges
964 1402 1057 1438 nanum
1074 1403 1131 1438 men
1166 1389 1205 1440 δη
1224 1389 1290 1451 cy’oo
1309 1389 1351 1439 'oia
1462 1387 1478 1447 Ἰ
1530 1388 1636 1436 terenda
1677 1400 1732 1435 wios
1768 1386 1802 1436 δε
1821 1387 1868 1434 hoeh
1895 1382 1911 1444 Ἰ
1949 1385 2045 1447 dagnus

137 1471 171 1533 in
194 1470 322 1535 domum
342 1479 427 1534 tuam
448 1479 479 1533 et
504 1470 531 1534 si
568 1469 600 1531 in
626 1469 730 1532 uicum
762 1467 916 1532 introieris
987 1468 1103 1532 nemini
1193 1468 1316 1532 dixeris.
1370 1468 1421 1531 27.
1443 1465 1485 1531 Et
1506 1488 1650 1552 egressus
1679 1474 1725 1530 est
1766 1465 1854 1530 Iesus
1876 1475 1906 1530 et
1926 1463 2068 1550 discipuli
2109 1463 2129 1527 5

151 1607 190 1655 his
232 1608 258 1654 in
311 1611 394 1654 cestre
471 1617 578 1654 cessores
640 1604 749 1666 philipes
794 1599 870 1661 Ἰοη
889 1616 973 1664 vosge
1033 1606 1135 1665 ginogn
1272 1603 1356 1664 'degne
1433 1603 1472 1650 his
1535 1601 1614 1652 cwaeh
1639 1603 1729 1651 tohim
1754 1602 1832 1652 hwelc
1867 1616 1920 1652 meo
1954 1599 2070 1650 oweohas

139 1685 203 1748 eius
234 1685 266 1747 in
288 1684 414 1748 castella
436 1682 606 1750 Caesareae
628 1681 766 1768 Philippi
792 1689 822 1745 ct
843 1681 874 1744 in
908 1683 959 1746 uia
996 1683 1207 1769 interrogabat
1228 1680 1394 1767 discipulos
1421 1703 1493 1745 suos
1526 1681 1631 1745 dicens
1669 1681 1712 1744 eis
1747 1702 1839 1765 quem
1871 1701 1922 1744 me
1964 1679 2070 1744 dicunt

139 1834 201 1870 were
219 1824 242 1869 ic
276 1821 393 1870 mundas
526 1819 608 1870 διδο
652 1819 821 1880 Ἰεποηᾱωι
891 1820 944 1868 him
980 1817 1116 1867 cwe’ienda
1185 1818 1228 1867 ioh
1333 1818 1368 1868 δο
1385 1819 1524 1868 iuiwihtora
1560 1817 1625 1866 οδοι
1659 1817 1737 1865 helico
1778 1815 1843 1866 οδω
1889 1828 1923 1864 aec
1983 1817 2070 1864 swelce

39 1900 52 1913 ”
156 1921 222 1965 esse
259 1900 426 1964 homines?
457 1900 508 1964 28.
530 1898 594 1977 Qui
621 1899 848 1987 responderimt
883 1898 930 1961 illi
971 1896 1105 1962 dicentes
1133 1896 1285 1961 loannem
1336 1897 1500 1983 baptistam
1553 1894 1606 1957 alii
1638 1893 1742 1958 Eliam
1772 1893 1825 1957 alii
1856 1914 1932 1957 uero
1971 1893 2059 1978 quasi

156 2048 220 2085 enno
269 2037 297 2085 oi
356 2037 457 2096 witgum
658 2033 695 2083 'ds
746 2035 824 2084 cwn’i
849 2040 876 2082 to
894 2035 947 2082 him
990 2048 1021 2094 ga
1056 2046 1091 2082 eo
1108 2032 1206 2082 so'olica
1245 2034 1322 2083 horale
1360 2047 1400 2082 me
1435 2031 1534 2082 cretos
1562 2029 1707 2106 ⁴piccio&
1775 2027 1904 2088 szorada
1993 2030 2056 2092 patr*

139 2135 235 2178 unum
261 2113 300 2177 de
328 2113 496 2199 prophetis.
546 2113 596 2177 29.
626 2113 716 2178 Timo
744 2114 818 2177 dicit
867 2113 930 2176 illis
977 2134 1033 2177 uos
1094 2132 1168 2176 uero
1236 2134 1328 2198 quem
1356 2133 1406 2176 me
1449 2132 1514 2175 esse
1577 2109 1699 2174 dicitis?
1737 2109 1926 2196 respondens
1959 2107 2070 2172 Petrus

138 2251 218 2300 ewae’i
235 2251 288 2300 him
307 2249 345 2300 δι]
369 2250 417 2300 ιιδ
478 2253 536 2299 crist
708 2249 848 2309 lforhood
863 2250 876 2297 i
889 2246 981 2297 stiorde
1049 2247 1103 2294 him
1126 2261 1271 2309 naengum
1305 2249 1415 2310 gicwade
1450 2252 1477 2296 oi
1510 2248 1562 2296 him
1705 2244 1721 2307 Ἰ
1776 2259 1857 2307 ongan
1919 2246 1977 2294 laera
2022 2244 2069 2292 hie

148 2330 191 2393 cit
242 2330 270 2394 ei
313 2340 346 2394 tu
376 2351 408 2393 es
435 2327 586 2393 Christus.
629 2329 680 2392 30.
701 2327 743 2391 Et
764 2328 966 2391 comminatus
987 2335 1033 2390 est
1059 2326 1101 2391 eis
1128 2347 1169 2391 ne
1206 2327 1255 2391 cui
1288 2327 1426 2392 dicerent
1445 2327 1486 2393 de
1507 2328 1573 2392 illo.
1615 2326 1665 2391 31.
1693 2323 1737 2389 Et
1763 2324 1863 2409 coepit
1883 2322 1996 2388 docere
2017 2345 2071 2388 ecs

169 2463 264 2513 terdon
309 2466 331 2511 is
349 2463 438 2511 rehtlio
477 2474 543 2511 sunu
604 2474 708 2510 monues
756 2464 824 2511 icolu
861 2459 1024 2524 gi’ooelgc]
1078 2464 1188 2511 toreuma
1226 2464 1290 2512 hom
1355 2464 1445 2513 aldum
1525 2462 1542 2522 Ἰ
1585 2464 1621 2511 ho
1689 2462 1735 2509 heh
1848 2458 1977 2508 soccrdum
2054 2457 2069 2517 Ἰ

138 2540 284 2625 quoniam
313 2549 434 2626 oportet
461 2539 559 2603 filium
595 2539 730 2603 hominis
750 2539 848 2604 multa
894 2539 957 2625 pati
1005 2549 1037 2604 et
1063 2541 1222 2628 reprobari
1254 2565 1274 2604 a
1320 2541 1491 2607 senioribus
1519 2550 1550 2606 et
1597 2564 1616 2603 a
1657 2539 1784 2605 summis
1811 2539 2021 2605 sacerdotibus
2042 2551 2073 2605 et
2094 2541 2134 2604 10

144 2676 281 2726 ohvutnm
314 2672 330 2733 Ἰ
369 2676 431 2724 oisla
487 2675 504 2735 Ἰ
537 2679 605 2725 nitar
631 2674 701 2724 'irim
727 2677 818 2738 degum
852 2678 887 2726 eit
907 2677 988 2725 irisan
1141 2674 1157 2736 Ἰ
1187 2691 1307 2738 coniunge
1351 2678 1418 2727 word
1470 2677 1604 2740 sprccende
1621 2689 1677 2725 was
1706 2674 1721 2734 Ἰ
1800 2685 1825 2724 to
1844 2676 1936 2738 gilehte
2015 2678 2074 2726 hine

157 2754 264 2818 scribis
300 2764 329 2817 ct
352 2753 450 2817 occidi
476 2763 507 2818 et
532 2763 604 2840 post
634 2764 695 2817 tres
731 2755 797 2818 dies
837 2777 1010 2842 resurgere.
1053 2758 1103 2822 32.
1124 2755 1166 2820 Et
1192 2757 1296 2845 palam
1323 2758 1455 2822 uerbum
1474 2756 1668 2843 loquebatur.
1691 2764 1721 2818 et
1742 2755 1978 2842 apprehendens
2000 2776 2072 2820 eum

152 2896 236 2955 petrns
292 2903 373 2951 ongan
409 2889 567 2951 .gi’6reatiga
610 2890 668 2938 hina
803 2891 876 2941 seha
911 2894 1011 2956 girarde
1030 2895 1087 2956 ymb
1113 2891 1129 2953 Ἰ
1188 2893 1263 2955 gioaeh
1336 2893 1431 2955 ’oegnas
1500 2893 1538 2941 hio
1573 2890 1896 2942 atiorendeiforheodanda
1914 2905 1970 2940 waes
1997 2899 2066 2955 petro

142 2969 254 3035 Petrus
283 2971 383 3057 eoepit
410 2969 570 3056 increpare
599 2990 678 3034 eum.
727 2969 778 3034 33.
807 2969 871 3048 Qui
905 2994 1075 3038 conuersus
1107 2984 1138 3038 et
1168 2973 1278 3038 uidens
1300 2972 1466 3059 discipulos
1486 2993 1559 3036 suos
1632 2970 1833 3035 comminatus
1914 2981 1959 3036 est
1978 2971 2073 3036 Petro

142 3107 278 3157 evadende
302 3120 368 3168 gong
397 3106 691 3157 onhnolincibihiondc
718 3118 773 3155 mcc
800 3106 1015 3158 huwi’oerworda
1068 3109 1163 3160 ῐοῐδοιι
1215 3121 1246 3158 ne
1272 3115 1440 3158 oncnswestu
1467 3107 1547 3158 διδο
1578 3108 1654 3170 godes
1681 3109 1775 3157 sindon
1810 3108 1840 3156 ah
1876 3108 1956 3159 διδο
1983 3110 2076 3158 stndnn

153 3184 257 3248 dicens
293 3182 373 3248 uode
498 3192 582 3247 retro
719 3205 770 3248 me
825 3196 955 3264 ‚cuna
1028 3189 1176 3273 quoniam
1197 3210 1261 3252 non
1318 3189 1398 3275 sapis
1468 3208 1547 3274 quac
1582 3186 1643 3252 Dei
1692 3196 1763 3252 sunt
1789 3187 1844 3252 sed
1876 3208 1955 3272 quae
1988 3199 2060 3251 sunt

177 3332 267 3367 monna
436 3316 453 3376 Ἰ
490 3318 598 3379 tegendo
613 3330 669 3366 was
698 3316 752 3367 δωτ
770 3319 819 3368 tolo
845 3321 903 3369 ιηίδ
952 3321 1065 3383 ’osgnum
1122 3324 1161 3371 his
1203 3323 1281 3374 cwaeo
1313 3330 1339 3373 to
1358 3324 1411 3372 him
1437 3324 1476 3384 git
1500 3324 1577 3372 hoelo
1604 3324 1674 3371 welle
1698 3325 1814 3373 nitarms
1846 3325 1913 3386 fyiga
1961 3337 2056 3374 oneaeca

143 3398 313 3463 hominum.
356 3398 406 3460 34.
428 3395 470 3460 Et
501 3405 671 3461 conuocato
709 3396 800 3460 turba
842 3419 913 3461 cum
934 3398 1091 3486 discipulis
1118 3400 1181 3463 suis
1210 3401 1288 3464 dixit
1342 3403 1385 3466 cis
1437 3401 1464 3464 si
1499 3401 1567 3486 quis
1604 3401 1673 3464 uult
1733 3424 1784 3466 me
1833 3405 1922 3488 sequi
1942 3402 2075 3489 deneget

160 3536 219 3582 hinc
237 3534 317 3582 soline
796 3529 812 3591 Ἰ
884 3535 950 3596 tylga
1011 3548 1065 3585 mcc
1177 3535 1247 3586 εοδο
1282 3535 1376 3586 ior’don
1438 3537 1507 3585 wella
1585 3538 1660 3586 saule
1755 3538 1795 3585 his
1864 3538 1920 3587 hale
1989 3539 2066 3600 gidoa

143 3613 341 3699 semetipsum
362 3623 392 3677 et
413 3612 501 3676 tollat
522 3633 645 3677 crucem
665 3634 753 3676 suem
781 3623 812 3677 et
839 3624 985 3699 sequatur
1006 3635 1065 3677 me.
1108 3613 1159 3678 35.
1180 3611 1245 3692 Qui
1285 3614 1367 3679 enim
1413 3615 1545 3680 uoluerit
1566 3617 1701 3680 animam
1722 3639 1809 3681 suam
1833 3617 1952 3682 saluam
1972 3619 2074 3685 facere
2096 3620 2135 3684 15

144 3765 260 3828 loesigah
282 3767 330 3815 hira
354 3765 428 3816 so’de
446 3765 581 3816 wutudliee
649 3767 715 3814 lcsas
819 3767 894 3815 sawla
962 3767 1001 3815 his
1078 3768 1131 3816 iore
1192 3763 1284 3824 meo]
1356 3766 1469 3830 godepell
1558 3769 1613 3817 halo
1688 3768 1731 3817 hia
1772 3770 1867 3830 gidoe’o
1996 3772 2068 3820 hwat

144 3846 253 3931 perdet
273 3867 341 3909 eam
370 3845 423 3930 qui
461 3855 563 3910 autem
598 3844 768 3930 perdiderit
787 3847 922 3910 animam
943 3867 1030 3910 suam
1050 3857 1177 3934 propter
1197 3869 1248 3913 me
1268 3856 1299 3912 ct
1320 3848 1518 3933 euangelium
1538 3847 1655 3913 saluam
1677 3870 1744 3915 eam
1767 3850 1867 3916 faciet.
1914 3850 1964 3914 36.
1988 3848 2074 3928 Quid

252 3997 395 4047 iorstondss
441 4010 516 4046 moun
553 3996 604 4046 ’och
638 3998 757 4058 gisuiom
809 3999 875 4049 tllne
934 3999 1054 4062 middin}
1094 3998 1110 4058 Ἰ
1189 4001 1303 4051 lorovest
1391 4001 1464 4063 gidoa
1524 4003 1598 4050 oswio
1658 4003 1697 4050 his
1879 4004 1891 4050 h
1925 4003 2077 4052 hwaetihnu

146 4076 226 4139 cnim
254 4077 393 4162 proderit
418 4076 536 4141 homini
563 4076 590 4139 si
625 4076 763 4143 lucretur
788 4087 887 4143 totum
913 4079 1063 4143 mundum
1086 4088 1116 4144 et
1137 4080 1355 4146 detrimentum
1380 4081 1471 4145 saciat
1492 4081 1613 4146 animae
1633 4081 1730 4146 suae?
1772 4081 1822 4145 37.
1845 4084 1913 4147 Aut
1976 4082 2050 4168 quid

145 4211 239 4291 schiah
274 4241 332 4276 mon
434 4230 535 4278 hererico
637 4231 690 4279 iota
731 4232 804 4279 sawlc
856 4232 895 4280 his
1026 4231 1098 4283 εοδο
1115 4233 1209 4283 ior’ion
1226 4250 1279 4284 meo
1297 4235 1450 4285 ondottende
1485 4234 1532 4285 hi'o
1584 4232 1600 4293 Ἰ
1629 4238 1696 4285 mine
1734 4235 1802 4284 word
1831 4237 1858 4284 in
1893 4234 2058 4300 cneorosirnm

147 4305 231 4370 dabit
252 4307 346 4370 homo
368 4307 612 4374 commutationis
633 4331 691 4394 pro
712 4310 815 4374 anima
835 4310 915 4375 sua?
949 4312 1000 4375 38.
1029 4309 1092 4390 Qui
1119 4313 1201 4376 enim
1222 4335 1272 4378 mc
1293 4315 1440 4380 confusus
1461 4315 1553 4378 fuerit
1574 4323 1604 4378 et
1623 4335 1693 4378 mea
1714 4314 1812 4379 uerba
1826 4315 1859 4378 in
1875 4316 2075 4402 generatione

148 4459 225 4508 cassu
252 4458 419 4520 domegiiigru
459 4455 474 4516 Ἰ
532 4464 658 4521 erognissa
716 4461 732 4522 Ἰ
769 4477 835 4511 sunu
887 4477 992 4515 mounes
1079 4465 1193 4515 ondete’6
1267 4466 1325 4515 hina
1352 4466 1409 4516 mi’o
1424 4465 1461 4528 ’cy
1497 4465 1589 4528 cyme'o
1624 4467 1650 4514 in
1679 4466 1777 4515 wuidor
1815 4467 1891 4516 iader
1931 4468 1970 4516 uis
2010 4466 2069 4517 miii

160 4537 218 4603 ista
273 4538 414 4602 adultera
447 4546 477 4603 et
504 4539 674 4623 peccatrice
700 4548 732 4604 et
758 4541 841 4605 filius
872 4542 1006 4609 hominis
1034 4544 1239 4609 confundetur
1266 4566 1337 4609 eum
1372 4568 1442 4610 cum
1475 4544 1595 4610 uenerit
1622 4545 1653 4608 in
1680 4545 1783 4631 gloria
1808 4545 1903 4633 patris
1930 4545 1977 4609 sui
2003 4567 2075 4610 eum

148 4693 248 4752 anglum
287 4691 387 4752 halgum

146 4771 265 4858 angelis
286 4772 406 4835 sanctis.
2095 4778 2136 4842 20

502 4923 519 4984 Ἰ
553 4925 675 4976 hactiaco
698 4930 723 4976 to
738 4927 804 4976 ham
828 4927 879 4978 εοδ
905 4928 1027 4980 rosseto
1056 4931 1106 4980 ion
1144 4930 1238 4981 torhon
1266 4930 1360 4981 sindun
1406 4944 1476 4980 suma
1529 4934 1559 4982 ci
1589 4933 1632 4980 har
1659 4930 1902 4982 camatondandum
1929 4929 2002 4981 διδο
2036 4946 2067 4981 no

272 5001 348 5088 Gap.
365 5001 426 5066 IX.
443 5006 471 5066 1.
492 5004 533 5068 Et
562 5005 683 5070 dicebat
725 5005 786 5069 iilis
813 5028 904 5072 amen
933 5007 1002 5073 dieo
1041 5010 1130 5076 uobis
1162 5008 1233 5096 quia
1273 5020 1345 5074 sunt
1372 5010 1499 5096 quidam
1519 5010 1559 5075 de
1586 5012 1638 5075 hic
1711 5010 1860 5074 stantibus
1932 5009 1985 5095 qui
2011 5030 2074 5074 non

174 5151 294 5214 gibergaii
364 5154 434 5205 δοιιο
452 5153 520 5204 doch
578 5156 672 5208 οδδωι
712 5159 761 5207 hta
778 5157 868 5218 εἱεοιδ
952 5160 1002 5208 rice
1071 5162 1148 5222 godes
1189 5162 1308 5224 aymonis
1367 5163 1395 5212 in
1448 5162 1537 5211 mahte
1674 5160 1690 5222 Ἰ
1734 5164 1802 5212 niter
1855 5162 1947 5225 degum
1989 5175 2077 5214 sexum

148 5231 316 5317 gustabunt
371 5243 504 5299 mortem
569 5234 669 5300 donec
725 5237 850 5302 uideant
898 5258 1030 5324 regnum
1072 5237 1134 5306 Dei
1183 5242 1311 5306 ueniens
1355 5241 1389 5304 in
1424 5242 1545 5307 uirtute
1591 5243 1620 5308 2.
1648 5241 1691 5308 Et
1721 5250 1792 5329 post
1860 5241 1925 5308 dics
1997 5263 2053 5308 sex
