4748 6098
1077 317 1329 391 ..62-

256 520 282 561 to
320 513 385 562 bam
434 511 469 561 ’ba
528 511 564 559 ’de
621 511 708 570 gitalld
727 524 788 559 arun
825 513 889 561 lrom
930 515 983 562 blm
1161 515 1190 561 he
1234 515 1332 563 wutudl
1373 516 1480 574 enigma
1528 513 1544 575 Ἰ
1588 517 1650 566 nobt
1708 516 1836 577 gunardo
1922 528 1986 563 sona
2058 513 2094 562 ’ss
2111 513 2160 560 beli

249 591 290 654 ad
332 611 368 654 ca
409 609 488 673 quae
518 588 575 652 tibi
608 589 793 652 obiiciuntur
833 591 872 654 ab
922 590 993 653 his?
1058 590 1109 653 61.
1137 590 1199 652 Illa
1231 601 1334 653 autem
1364 593 1491 653 tacebat
1520 601 1551 654 et
1581 593 1660 655 nihil
1691 593 1859 679 respondit.
1891 611 2014 652 rursum
2044 610 2187 653 summus

285 724 370 771 sacerd
479 724 581 784 gilraegn
661 722 719 771 blus
754 719 770 781 J
808 724 887 773 anab
923 725 975 772 blm
1011 722 1049 771 ’on
1083 721 1131 771 arb
1192 725 1252 770 crist
1321 736 1387 769 sunu
1421 723 1497 781 godes
1533 722 1586 772 ’bas
1597 726 1733 784 gibletsada
1853 721 1948 771 moal
1981 722 2079 772 wutudi
2105 720 2187 771 ont

248 800 391 865 sacerdos
412 799 625 884 interrogabat
646 821 717 864 eum
739 811 769 864 et
797 801 875 864 dixit
925 802 953 865 ei
1003 809 1037 863 tu
1086 822 1119 865 es
1142 798 1284 864 Christus
1305 797 1388 861 filius
1421 797 1481 862 Dei
1543 800 1720 863 benedicti?
1771 801 1821 862 62.
1851 799 1940 864 Iesus
1977 809 2080 864 autem
2107 799 2189 863 dixit

247 939 298 985 blm
333 937 357 985 io
410 949 448 983 am
492 933 508 995 J
544 950 574 996 go
591 934 681 994 glscab
726 949 792 984 sunu
845 947 948 982 mounes
983 941 1009 982 to
1046 934 1100 985 ’tar
1117 935 1212 984 swi'bra
1264 935 1372 983 sittende
1418 934 1471 984 ’bas
1490 935 1595 994 mabtga
1705 929 1721 992 Ἰ
1774 935 1894 995 cymsnds
1963 935 2020 985 ml’b
2061 937 2186 984 nolanum

249 1013 295 1077 illi
314 1035 373 1099 ego
394 1035 462 1076 sum
484 1022 514 1076 et
542 1013 684 1077 uidebitis
705 1013 803 1076 filium
825 1011 1005 1075 hominisa
1069 1012 1185 1076 dextris
1235 1012 1391 1077 sedentem
1443 1013 1564 1077 uirtutis
1606 1011 1668 1075 Dei
1690 1022 1720 1076 et
1739 1013 1915 1077 uenientem
1953 1035 2023 1076 cum
2050 1013 2187 1077 nubibus

246 1152 348 1200 beolnas
493 1149 527 1199 ’oe
545 1150 593 1198 bah
645 1149 734 1199 ’doum
786 1147 870 1196 sacerd
940 1154 966 1195 to
981 1149 1056 1197 rende
1141 1148 1238 1208 giwedu
1306 1149 1346 1196 his
1381 1146 1459 1196 anab
1494 1147 1551 1207 ymb
1571 1147 1641 1194 bwaet
1698 1154 1750 1207 gott
1852 1146 1965 1206 wilnigas
2042 1149 2187 1209 giwimesee

249 1227 336 1292 cocli.
389 1228 440 1292 63.
463 1226 610 1293 Summus
632 1238 735 1291 autem
756 1224 899 1290 sacerdos
922 1225 1067 1289 scindens
1097 1227 1279 1291 uestimenta
1302 1248 1357 1290 sua
1399 1224 1442 1288 ait
1535 1224 1610 1309 quid
1673 1223 1775 1288 adhuc
1807 1223 2016 1288 desideramus
2050 1225 2163 1290 testes?

322 1364 444 1424 giherdan
462 1377 491 1423 ga
537 1363 572 1412 ba
589 1364 735 1422 aolulsunge
786 1363 857 1410 linat
910 1364 959 1408 low
1011 1360 1032 1408 is
1053 1360 1138 1420 mans
1187 1361 1268 1410 baba
1329 1361 1377 1408 alla
1437 1359 1595 1422 gini’dradun
1614 1360 1625 1407 1
1643 1360 1770 1420 gihendun
1806 1361 1863 1409 hine
1906 1357 1979 1434 ¹]5lre
1995 1373 2059 1407 were
2094 1361 2188 1421 synnig

207 1443 299 1507 664.
330 1440 471 1504 Audistis
525 1441 754 1526 blasphemiam.
788 1440 863 1525 quid
894 1439 982 1503 uobis
1014 1438 1160 1503 uidetur?
1202 1439 1255 1525 qui
1300 1460 1406 1503 omnes
1464 1436 1749 1502 condemnauerunt
1797 1460 1868 1502 eum
1959 1459 2025 1502 esse
2095 1459 2186 1502 reum

255 1577 351 1626 <laubos
495 1574 511 1636 Ἰ
557 1590 694 1638 onguunun
757 1589 827 1624 suma
889 1576 1037 1637 ernegisptta
1054 1576 1066 1622 i
1085 1575 1146 1636 hyra
1189 1591 1222 1624 on
1237 1576 1295 1626 blne
1337 1573 1353 1635 Ἰ
1404 1572 1487 1635 bydda
1528 1574 1632 1623 omions
1680 1576 1719 1623 his
1768 1573 1784 1635 1
1821 1575 1879 1625 mili
1896 1579 1990 1635 systum
2024 1574 2084 1623 hlne
2118 1573 2185 1622 slat

249 1653 366 1718 mortis.
409 1655 459 1719 66.
481 1653 522 1717 Et
543 1663 711 1740 coeperunt
733 1654 858 1737 quidam
932 1675 1102 1739 conspuere
1208 1676 1279 1718 eum
1329 1664 1360 1719 et
1393 1653 1498 1718 uelare
1525 1652 1636 1716 faciem
1664 1653 1729 1716 eius
1758 1663 1788 1717 et
1828 1652 1966 1740 colaphis
2013 1673 2086 1716 eum
2117 1673 2186 1716 cae·

248 1790 338 1840 sana
380 1787 395 1847 1
446 1789 550 1839 cweo'ba
583 1786 599 1848 1
637 1803 698 1849 saga
717 1789 787 1838 hwat
806 1789 858 1838 'tat
875 1790 942 1850 aloga
977 1788 993 1849 1
1032 1790 1068 1840 'ba
1086 1791 1239 1839 embehtmcn
1275 1788 1333 1839 mis
1350 1792 1443 1851 systum
1477 1789 1535 1836 hine
1615 1789 1706 1849 alogus
1915 1786 1931 1847 Ἰ
1968 1787 2026 1838 mit
2039 1787 2075 1849 by
2111 1802 2169 1837 m

249 1867 324 1932 dere
372 1877 403 1928 et
445 1866 547 1930 dicere
575 1867 603 1930 ei
697 1867 876 1954 prophetiza
972 1877 1004 1933 et
1075 1869 1206 1933 ministri
1310 1869 1407 1953 alapis
1470 1889 1542 1931 eum
1577 1866 1755 1931 caedebant.
1820 1868 1870 1931 66.
1899 1865 1941 1930 Et
1979 1888 2049 1930 cum
2105 1878 2187 1931 esset

378 2022 410 2056 on
446 2004 532 2055 sorte
566 2007 629 2053 lrom
646 2004 763 2065 syndrigo
797 2018 852 2052 com
909 2018 940 2051 an
975 2006 1040 2053 from
1074 2004 1141 2054 ’bam
1151 2004 1264 2054 tionum
1301 2004 1411 2054 besheh
1476 2003 1588 2051 sacerdes
1747 2002 1763 2062 Ἰ
1806 2003 1863 2052 ιιιΡὸ
1906 2004 1990 2064 gisege
2031 2000 2186 2064 bonepetre

248 2087 360 2151 Petrus
381 2087 413 2148 iu
453 2084 532 2148 atrio
595 2083 741 2146 deorsum
788 2082 873 2146 uenit
894 2105 955 2147 uua
988 2105 1027 2147 ex
1111 2083 1230 2147 ancillis
1302 2083 1412 2147 summi
1440 2082 1617 2146 sacerdotis.
1659 2084 1708 2145 67.
1731 2081 1864 2145 Etcum
1885 2080 2011 2144 uidisset
2040 2080 2175 2144 Petrum

297 2222 436 2272 marmanda
487 2221 546 2268 hina
589 2219 688 2267 biheald
763 2219 820 2267 hine
856 2218 934 2268 crab
969 2214 985 2277 Ἰ
1025 2218 1062 2268 bu
1097 2219 1154 2267 mili
1206 2220 1254 2267 hal
1289 2219 1344 2269 boh
1361 2219 1518 2267 numeniaco
1560 2232 1623 2267 were
1743 2217 1794 2267 sot
1828 2219 1859 2265 ha
1917 2230 1992 2265 onsoc
2043 2215 2187 2266 evaseras

249 2300 471 2364 calclicientsm
502 2320 536 2362 sc
567 2297 717 2385 aspiciens
749 2296 836 2360 illum
877 2299 919 2360 ait
964 2309 995 2360 ot
1025 2309 1058 2362 tu
1090 2320 1160 2361 cum
1191 2297 1263 2361 Iesu
1325 2296 1490 2361 Nazareno
1550 2318 1626 2360 eras.
1669 2296 1718 2360 68.
1740 2297 1787 2360 At
1807 2295 1860 2359 ille
1888 2296 2014 2381 negauit
2055 2294 2168 2360 dicens

287 2450 319 2484 ne
372 2442 419 2485 wat
437 2437 460 2484 ic
517 2449 548 2482 ns
613 2448 658 2482 con
694 2435 763 2482 linat
800 2432 922 2494 busaeges
957 2430 973 2492 J
1011 2433 1072 2482 eodo
1108 2435 1168 2482 buta
1186 2431 1274 2491 boii]
1311 2433 1391 2481 bifora
1426 2431 1494 2483 {ona
1512 2431 1585 2481 norb
1620 2429 1636 2491 Ἰ
1682 2432 1747 2479 hona
1813 2433 1901 2491 gisang
2046 2433 2189 2482 chersona

189 2515 229 2578 10
251 2534 353 2599 neque
382 2513 445 2576 scio
477 2533 579 2597 nequa
599 2513 673 2575 noui
694 2512 768 2596 quid
811 2512 903 2575 dicas.
954 2522 984 2575 et
1010 2511 1084 2576 exiit
1146 2513 1229 2575 foras
1312 2522 1383 2576 ante
1456 2512 1567 2574 atrium
1610 2521 1640 2574 et
1659 2509 1762 2595 gallus
1784 2509 1925 2574 cantauit
1974 2509 2024 2573 69.
2062 2509 2189 2577 Rursus

273 2649 328 2700 'boll
379 2647 436 2698 mis
447 2648 483 2710 ’dy
534 2650 610 2711 gitch
663 2651 721 2697 hlne
759 2649 788 2698 bl
806 2648 890 2697 bione
925 2661 1007 2707 angon
1041 2647 1146 2697 cneoba
1180 2653 1206 2695 to
1226 2647 1292 2697 ’tam
1312 2646 1539 2709 ymbstondcndum
1572 2644 1624 2722 pte
1661 2646 1715 2695 ’aas
1751 2647 1779 2694 of
1813 2645 1879 2696 ’bam
1897 2646 1948 2695 ileu
1982 2647 2005 2693 is
2155 2645 2173 2706 1

248 2738 351 2794 autem
394 2751 463 2792 cum
505 2728 633 2794 uidisset
652 2729 741 2792 illum
771 2726 885 2790 ancilla
916 2725 1016 2810 coepit
1044 2725 1146 2788 dicere
1235 2725 1502 2787 circumstantibus
1564 2726 1636 2810 quia
1663 2725 1713 2787 hic
1744 2746 1785 2788 ex
1847 2723 1907 2787 illis
1966 2733 2021 2787 est.
2066 2724 2117 2787 70.
2141 2725 2189 2788 At

263 2866 294 2912 ha
329 2866 389 2914 citer
406 2879 467 2913 sona
517 2878 592 2914 onsoo
651 2861 667 2923 Ἰ
704 2867 772 2913 atter
806 2862 866 2922 lytle
885 2860 964 2921 hayla
1009 2860 1132 2907 eftarsona
1176 2857 1256 2907 Me
1309 2858 1401 2907 stodun
1455 2858 1610 2908 hiacwsdun
1645 2865 1750 2924 topetre
1785 2861 1883 2911 soblicc
1919 2861 1957 2911 ’bu
1992 2862 2098 2912 olbam
2136 2863 2186 2913 arb

248 2943 302 3007 ille
340 2943 451 3007 iterum
487 2943 620 3028 negauit.
644 2952 674 3005 et
706 2951 776 3027 post
815 2938 962 3025 pusillum
1020 2959 1126 3000 rursus
1190 2936 1244 3020 qui
1284 2937 1426 3000 astabant
1457 2936 1600 3002 dicebant
1653 2940 1745 3003 Petro
1797 2962 1872 3005 uere
1913 2962 1953 3004 ex
2015 2940 2077 3005 illis
2142 2963 2175 3006 es

245 3078 339 3127 rossan
374 3074 434 3136 ec]
496 3077 596 3134 galllcsc
640 3075 738 3124 ’tuar’c
882 3075 913 3121 he
972 3073 1057 3122 tonna
1110 3084 1190 3130 ongsn
1301 3072 1428 3135 tram’olga
1532 3072 1548 3133 Ἰ
1586 3077 1688 3137 sweriga
1740 3075 1766 3151 P
1802 3079 1825 3126 io
1842 3084 1887 3126 nat
1904 3092 1935 3126 ne
1953 3092 2001 3128 con
2055 3092 2151 3129 monuo

253 3175 326 3216 nam
389 3163 419 3217 et
461 3151 620 3217 Galilaeus
673 3171 715 3213 es.
792 3150 842 3212 71.
863 3149 925 3214 Illc
960 3159 1064 3213 autem
1099 3151 1200 3237 coepit
1231 3151 1490 3218 anathematizare
1521 3164 1552 3218 et
1589 3155 1690 3218 iurare
1721 3156 1794 3240 quia
1856 3156 1959 3220 nescio
2022 3157 2187 3223 hominem

163 3334 165 3338 ⁴
256 3287 325 3336 hone
387 3287 456 3337 ’done
498 3284 640 3348 glowaotrs
791 3281 807 3343 1
879 3299 939 3334 sona
983 3287 1045 3334 sltsr
1062 3300 1123 3337 sona
1158 3287 1193 3338 ts
1210 3288 1276 3336 hona
1327 3293 1413 3352 manag
1488 3288 1504 3350 1
1577 3291 1680 3353 myndig
1745 3306 1801 3341 was
1861 3293 1920 3355 peti
1972 3293 2068 3342 sordes
2107 3294 2187 3344 batte

248 3367 341 3431 istum
371 3387 464 3451 quem
514 3363 622 3429 dicitis.
700 3363 749 3427 72.
779 3361 820 3426 Et
855 3365 956 3427 statim
997 3365 1109 3431 iterum
1166 3367 1268 3453 gallus
1299 3370 1442 3434 mutauit.
1476 3380 1506 3434 et
1536 3371 1716 3435 recordatus
1748 3379 1793 3435 est
1824 3370 1936 3435 Petrus
1968 3372 2059 3436 uerbi
2099 3374 2186 3460 quod

246 3503 347 3552 suedan
364 3517 420 3551 vas
454 3504 504 3551 blm
542 3501 576 3550 ’ts
594 3500 642 3548 nar
710 3499 799 3550 arbon
859 3501 894 3551 ’bs
912 3501 978 3550 hona
1012 3504 1115 3565 &sange
1151 3508 1226 3565 twigs
1262 3503 1333 3565 brige
1368 3505 1406 3555 tu
1423 3519 1463 3554 mc
1504 3520 1611 3555 onsaoes
1665 3505 1681 3565 Ἰ
1725 3521 1807 3569 ongan
1842 3521 1927 3570 woapa

187 3583 227 3646 lb
276 3581 396 3646 dixerat
468 3581 496 3644 ei
547 3579 635 3643 Iesus
665 3579 843 3666 priusquam
870 3580 972 3666 gallus
1014 3592 1116 3646 cantet
1174 3582 1221 3646 bis
1276 3592 1324 3646 ter
1392 3605 1443 3647 me
1495 3586 1632 3668 negabis.
1659 3595 1690 3649 et
1717 3585 1819 3672 coepit
1845 3587 1928 3651 flere

636 3728 652 3790 1
726 3745 789 3781 som
856 3747 984 3783 onmema
1017 3734 1176 3795 gibahtunge
1220 3736 1332 3782 vorhtun
1375 3733 1410 3782 ’ta
1427 3736 1474 3782 hah
1527 3736 1645 3784 sacerdus
1705 3736 1762 3786 mih
1790 3736 1857 3786 ’bam
1868 3738 1971 3787 aldran
1998 3737 2014 3797 Ἰ
2044 3739 2186 3792 assutum

373 3810 450 3898 Cap.
472 3809 545 3875 XV.
570 3813 597 3873 l.
618 3809 660 3874 Et
679 3810 840 3875 confestim
881 3833 973 3876 mane
1014 3813 1177 3875 consilium
1198 3812 1342 3876 facientes
1365 3813 1477 3876 summi
1498 3814 1672 3878 sacerdotes
1694 3836 1764 3878 cum
1791 3815 1963 3880 senioribus
1992 3827 2022 3881 et
2057 3821 2173 3884 scribis

252 3963 268 4025 1
311 3963 368 4014 mis
386 3966 432 4014 alle
466 3965 630 4027 glsomnungs
683 3963 814 4023 gibandan
866 3963 936 4012 'oona
953 3963 1002 4011 hat
1036 3963 1164 4023 glladdan
1207 3961 1224 4024 1
1304 3965 1394 4013 saldan
1466 3964 1533 4015 ’eam
1550 3965 1697 4014 aldormenn
1820 3964 1836 4026 1
1924 3969 2027 4030 gltragn
2117 3974 2185 4035 hyna

247 4053 277 4104 et
297 4043 442 4108 uniuerso
482 4041 611 4105 concilio
661 4038 829 4103 uincientes
876 4039 982 4104 Iesum
1024 4040 1180 4104 duxerunt
1200 4052 1231 4106 et
1249 4042 1443 4106 tradiderunt
1524 4041 1634 4106 Pilato.
1746 4047 1775 4110 2.
1806 4045 1848 4109 Et
1874 4046 2079 4134 interrogauit
2111 4073 2186 4117 eum

275 4182 345 4252 pylei
397 4192 435 4241 'tu
470 4192 518 4242 arb
553 4193 626 4253 aynig
710 4189 784 4238 iudea
870 4190 921 4241 ⁸0¹6
955 4194 986 4241 hc
1038 4192 1170 4244 ondworde
1221 4195 1273 4243 him
1306 4193 1385 4243 cuch
1422 4193 1461 4243 ’ou
1495 4194 1595 4244 eusebes
1712 4194 1728 4254 Ἰ
1791 4199 1919 4259 gibandan
1977 4202 2036 4251 hine
2079 4204 2118 4254 ’ba
2133 4207 2182 4255 halt

248 4267 366 4332 Pilatus
399 4279 433 4333 tu
480 4291 513 4334 es
562 4291 618 4334 rex
646 4268 858 4335 Iudaeorum?
879 4281 911 4335 at
937 4271 990 4337 ille
1010 4272 1201 4359 respondeus
1222 4272 1269 4336 illi
1326 4273 1369 4334 ait
1423 4281 1457 4335 tu
1506 4272 1591 4338 dicis.
1648 4275 1677 4337 3.
1700 4273 1742 4338 Et
1762 4280 1947 4343 accusabant
1968 4302 2040 4345 eum
2068 4285 2184 4348 summi

280 4418 391 4470 noardes
467 4424 495 4468 ln
529 4422 657 4483 monlgum
676 4422 783 4483 ’bingam
892 4421 927 4471 ’aa
944 4425 1028 4482 groela
1080 4423 1166 4474 bonne
1202 4426 1262 4472 ester
1278 4436 1341 4472 sona
1426 4425 1529 4487 gitragn
1615 4427 1673 4475 hine
1708 4429 1845 4480 cnebandc
1897 4447 1929 4481 no
1982 4435 2135 4485 ondwordes
2152 4441 2184 4485 tu

249 4497 424 4563 sacerdotes
462 4497 494 4560 in
596 4499 709 4563 multis.
834 4501 864 4562 4
900 4498 1019 4564 Pilatus
1070 4512 1172 4567 autem
1208 4524 1332 4566 rursum
1369 4503 1573 4591 interrogauit
1609 4527 1680 4570 eum
1728 4509 1832 4573 dicens
1880 4534 1944 4575 non
1997 4514 2174 4600 respondes

306 4651 381 4700 aniht
466 4650 542 4714 gisala
575 4651 602 4699 in
637 4653 798 4700 snrmiclum
832 4651 882 4701 ’beo
933 4653 1024 4701 ahenas
1127 4654 1220 4704 aeusi
1256 4653 1341 4703 bonne
1376 4658 1559 4720 lortortlcng
1592 4672 1625 4707 no
1639 4660 1700 4708 wiht
1726 4661 1914 4720 glondsnorade
1945 4679 1996 4714 sna
2021 4664 2183 4738 pausiae)

185 4726 227 4791 20
247 4727 440 4814 quidquam?
469 4729 541 4794 uide
570 4728 603 4790 in
661 4729 784 4812 quantis
838 4740 869 4795 te
900 4741 1053 4795 accusant.
1083 4734 1113 4796 ὃ.
1136 4733 1224 4796 Iesus
1255 4743 1356 4797 autem
1406 4735 1538 4824 amplius
1607 4739 1686 4801 nihil
1735 4742 1895 4826 rospondit
1946 4743 1990 4807 ita
2051 4756 2088 4810 ut

245 4891 307 4927 wera
324 4882 458 4930 awundrad
492 4881 528 4931 ’6ο
543 4882 627 4943 groela
714 4882 778 4932 ’terh
813 4881 946 4945 ’conedam
985 4883 1072 4933 ’bonne
1107 4886 1216 4946 symblss
1241 4887 1401 4949 torgeorwlga
1426 4892 1593 4949 &marnes
1619 4890 1672 4938 him
1707 4893 1834 4942 ennetan
1869 4896 1898 4943 ol'
1931 4895 1998 4945 bem
2012 4899 2183 4959 gibandannh

266 4954 430 5021 miraretur
497 4958 624 5022 Pilatus.
665 4960 695 5024 6.
716 4960 780 5025 Per
840 4960 923 5024 diem
975 4971 1078 5026 autem
1103 4964 1215 5026 festum
1242 4965 1393 5030 dimittere
1452 4968 1570 5031 solebat
1611 4968 1672 5032 illis
1716 4992 1809 5036 unum
1860 4996 1898 5037 ex
1983 4975 2097 5042 uinctis

243 5118 294 5153 arra
312 5107 419 5157 hnslcne
436 5122 486 5158 sna
519 5111 561 5160 bia
577 5110 741 5173 goglonadun
843 5124 900 5160 was
935 5112 1023 5163 bonne
1057 5114 1120 5164 sebe
1155 5115 1279 5176 glowedcn
1299 5130 1355 5164 was
1567 5121 1630 5169 sobe
1665 5121 1722 5171 mit
1774 5121 1897 5186 sccacrum
1952 5140 2007 5175 was
2046 5130 2179 5190 gibandan

255 5204 468 5272 quemcunque
550 5191 706 5276 petissent.
779 5192 807 5254 7.
829 5190 908 5255 Erat
928 5203 1031 5257 autem
1062 5194 1115 5278 qui
1177 5195 1337 5259 dicebatur
1386 5195 1540 5262 Barrabas
1571 5199 1624 5282 qui
1656 5222 1726 5263 cum
1760 5203 1910 5268 seditiosis
1943 5215 2009 5269 erat
2055 5209 2179 5275 uinctus
