4748 6098
1047 353 1274 428 ..2-

231 561 257 609 in
302 573 382 608 waere
417 557 511 606 wordes
537 568 599 603 wera
619 553 688 603 losad
736 550 788 628 “fta
846 558 918 600 erest
980 553 1085 602 camede
1134 553 1161 600 in
1219 565 1284 612 cynn
1343 538 1412 599 f’don
1438 550 1641 598 alexandrinlses
1710 551 1795 601 biscob
1854 565 1908 599 was
1954 551 2074 600 eastun
2098 551 2160 602 'berh

236 640 269 702 in
301 657 395 724 opere
423 634 512 700 uerbi
547 630 691 719 perderet
720 630 804 716 quod
838 631 924 720 prius
955 640 1111 696 meruerat
1130 631 1162 693 in
1182 651 1297 715 genere
1318 668 1326 692 0
1348 649 1420 691 nam
1440 627 1642 693 Alexandriae
1667 629 1828 715 episcopus
1857 629 1914 692 fuit
1935 677 1943 692 .
1965 629 2050 693 cuius
2106 652 2162 716 per

234 789 281 824 ana
299 775 310 821 t
328 773 445 834 syndrtgo
470 784 549 818 waere
573 771 643 817 wlste
662 768 674 815 f
691 773 717 815 to
737 772 845 816 uumnne
875 768 1015 829 godepellea
1047 770 1074 816 in
1099 768 1151 816 him
1174 765 1320 828 gaeuoednu
1381 765 1497 813 tosceada
1544 761 1560 822 Ἰ
1596 765 1796 827 ’donadeodecip
1823 765 1850 815 in
1873 767 1925 814 him
1977 779 2009 814 res
2044 764 2097 841 “pte
2116 781 2161 816 on-

291 850 414 937 singula
476 870 553 934 opus
667 846 745 910 scire
870 846 1023 932 euangelii
1043 846 1076 909 in
1110 867 1144 909 se
1211 845 1292 909 dicat
1353 843 1517 931 disponere
1537 854 1568 910 et
1599 845 1794 932 disciplinam
1818 845 1851 909 in
1882 868 1915 911 sc
1947 846 2026 933 legis
2096 870 2127 911 a·

236 988 548 1038 cnonatweraoncnauen
576 979 592 1042 Ἰ
617 980 769 1057 'pgodaund
990 981 1042 1058 ·]5te
1061 997 1176 1031 oncnewe
1213 981 1264 1030 'eat
1281 980 1377 1042 gecynd
1395 980 1468 1029 ’eade
1498 980 1525 1027 ln
1559 993 1589 1028 us
1659 981 1724 1028 arist
1768 981 1906 1042 altgesosca
1934 973 1982 1030 stt
1990 982 2163 1034 oonrso’eea

323 1074 487 1152 gnosceret
570 1073 599 1128 et
627 1062 763 1125 diuinam
791 1060 963 1124 incernam
983 1060 1178 1146 intellegeret
1218 1069 1360 1123 naturam
1390 1082 1468 1144 quae
1489 1060 1520 1121 in
1541 1080 1597 1122 nos
1617 1058 1750 1143 primum
1780 1059 1894 1143 requiri
1935 1107 1943 1122 .
1990 1060 2102 1126 dehinc

242 1202 329 1263 gesoht
345 1201 356 1247 t
373 1202 491 1261 gafrsgnu
519 1213 554 1247 we
573 1198 666 1248 wassa’d
701 1210 818 1246 onenawa
845 1197 964 1245 hsbbasl
984 1196 1117 1246 babbende
1185 1195 1269 1244 maard
1338 1195 1489 1257 festnunges
1507 1196 1518 1242 l
1536 1196 1669 1257 trymnisee
1738 1194 1833 1245 forban
1892 1195 1955 1245 se'es
2002 1196 2160 1259 plonta’d]

298 1278 442 1364 inquisita
515 1278 657 1342 uolumus
685 1276 813 1361 agnosci
896 1276 1045 1340 habentos
1128 1275 1303 1340 mercedem
1402 1274 1601 1338 exortationis
1704 1275 1850 1360 quoniam
1889 1275 1941 1359 qui
1986 1276 2103 1362 plantat
2134 1290 2164 1343 et

239 1414 302 1465 sade
327 1414 426 1475 wyrbes
479 1429 510 1463 an
568 1424 627 1462 aron
652 1412 715 1462 sebe
759 1412 813 1461 ’son
865 1412 1058 1473 gsbungannise
1102 1400 1229 1472 fegearuas
1253 1411 1301 1472 god
1334 1411 1357 1458 is

196 1497 217 1561 5
239 1494 291 1580 qui
333 1492 414 1578 rigat
444 1514 539 1556 uuum
560 1501 632 1556 sunt
660 1491 713 1576 qui
733 1500 835 1554 autom
856 1491 1079 1555 incrementum
1099 1498 1235 1576 praestat
1263 1488 1301 1553 ds
1325 1498 1379 1553 est.

817 1723 947 1785 onginna'd
1116 1714 1216 1773 feruido
1387 1725 1450 1775 tlara
1467 1727 1525 1774 reda

766 1816 1001 1885 INCIPIUNT
1045 1817 1274 1885 CAPITULA
1315 1816 1588 1886 LECTIONUM.

790 1970 897 2032 cyenisa
1188 1972 1258 2034 engsl
1318 1970 1344 2047 15
1378 1973 1399 2020 ts
1435 1985 1569 2021 erenwreea
1603 1972 1651 2021 bi'e
1669 1973 1807 2033 genemued
1841 1970 1857 2031 Ἰ
1946 1961 2020 2023 febod
2110 1976 2148 2024 hle

366 2049 431 2140 [fol.
455 2048 518 2138 90.]
561 2073 583 2112 1.
606 2047 715 2112 Esaiae
735 2047 944 2111 testimonium
977 2048 1127 2114 Iohannis
1155 2050 1284 2137 angelus
1314 2050 1411 2114 idest
1438 2051 1562 2114 nuntius
1618 2049 1792 2136 appellatur
1837 2061 1867 2114 et
1887 2051 2074 2138 praedicatio
2103 2054 2166 2118 cius

295 2187 429 2247 {lfulwiht
516 2183 646 2245 asaagdis
779 2185 837 2234 erist
916 2184 1013 2234 bodade
1074 2187 1197 2248 gafulwad
1215 2186 1263 2237 bie
1296 2187 1344 2237 ’der
1370 2186 1531 2236 ’oaes’drlnise
1557 2185 1680 2236 redaewad
1700 2186 1748 2236 bro
2123 2192 2152 2238 ol

241 2267 472 2354 baptismusque
513 2262 654 2326 refertur.
716 2287 753 2326 11.
774 2251 1044 2350 Xps'praedicans
1080 2264 1253 2352 baptizatur
1289 2265 1341 2330 ubi
1373 2266 1515 2329 trinitatis
1574 2265 1721 2353 panditur
1756 2275 1988 2331 sacramentum.
2037 2292 2084 2330 ιιι.
2114 2267 2165 2332 Do

274 2405 375 2463 eeigeng
437 2407 518 2461 patres
1084 2401 1147 2451 ’sna
1164 2403 1263 2464 bsecras
1408 2402 1435 2450 tn
1483 2415 1621 2463 somnunga
1668 2403 1697 2451 of
1757 2416 1832 2453 menn
1875 2403 1952 2466 guise
2013 2405 2121 2452 unclaena

244 2478 405 2543 uacatione
439 2477 524 2542 Petri
545 2475 706 2565 Andr[e]ae
727 2477 833 2543 Iaoohi
856 2488 886 2543 ct
905 2477 1055 2543 Iohannis
1075 2479 1270 2566 piscatorum.
1313 2504 1376 2544 1111.
1398 2478 1438 2544 In
1465 2502 1629 2567 synagoga
1658 2480 1697 2544 de
1725 2478 1852 2546 homine
1880 2486 1947 2567 sprh
1973 2482 2163 2546 immundum

272 2615 402 2664 trohtende
464 2610 480 2673 Ἰ
546 2613 687 2664 andetenda
794 2604 860 2662 iuret
937 2617 976 2664 his
1016 2618 1052 2664 fro
1115 2630 1235 2665 manuum
1295 2616 1352 2666 mie
1370 2617 1444 2665 maht
1484 2617 1558 2666 hored
1576 2616 1624 2666 bi’o
1753 2619 1789 2666 fro
1824 2632 1902 2667 swoer
1935 2625 2016 2682 patres
2050 2619 2078 2666 of
2101 2618 2166 2664 febor

185 2695 225 2757 10
244 2701 431 2759 metuentem
460 2701 491 2758 et
518 2694 714 2758 confitentem
744 2692 903 2779 expellens
930 2715 985 2756 sua
1015 2694 1054 2756 ab
1081 2694 1256 2758 hominibus
1290 2704 1441 2782 potestate
1477 2694 1629 2760 laudatur.
1693 2719 1722 2760 v.
1754 2696 1788 2760 A
1813 2719 1905 2760 socru
1931 2696 2017 2760 Petri
2062 2695 2149 2758 febre

242 2830 299 2881 mi’d
316 2830 384 2879 word
449 2827 542 2890 imit
562 2829 611 2878 ded
678 2818 745 2877 fdraf
813 2829 897 2878 berhta
976 2829 1023 2876 alle
1092 2828 1120 2876 in
1137 2829 1306 2887 untrymnlsse
1339 2828 1457 2890 gegamde
1604 2832 1675 2892 preat
1689 2832 1701 2879 t
1717 2830 1849 2881 ltebrower
1896 2831 1953 2881 mi'e
1972 2831 2036 2879 word
2072 2829 2168 2890 mibby

269 2910 365 2973 uerbo
461 2908 605 2994 factuque
654 2906 783 2995 depulsa
814 2908 901 2971 uaria
933 2914 1059 2970 cunctos
1115 2906 1292 2971 infirmitate
1340 2907 1466 2971 curauit.
1520 2932 1562 2972 vr.
1646 2907 1801 2997 Leprosus
1913 2909 2009 2973 uerbo
2086 2931 2148 2994 quo

247 3042 330 3092 cuoe’o
365 3043 388 3092 le
406 3043 473 3091 willa
508 3042 644 3102 gedsnsad
662 3043 711 3093 bl’d
745 3040 760 3100 Ἰ
797 3042 855 3093 nale
874 3043 990 3104 leienung
1026 3042 1084 3092 lien
1097 3042 1160 3092 eor'o
1173 3043 1256 3106 cryple
1290 3043 1348 3094 mi'b
1387 3045 1421 3092 eft
1439 3032 1545 3107 fgefnlse
1603 3046 1689 3106 gesald
1706 3048 1729 3094 fs
1823 3057 1904 3106 synna

265 3120 307 3184 ait
382 3121 456 3184 uolo
531 3122 698 3185 mundatur
740 3131 770 3186 et
832 3121 948 3186 curatio
1051 3120 1222 3207 paralytico
1279 3143 1350 3186 cum
1377 3123 1556 3189 remissione
1584 3124 1728 3189 tribuitur
1755 3131 1959 3210 peecatorum.
2014 3147 2069 3186 vn.
2093 3121 2169 3185 Leni

245 3257 308 3307 sede
342 3255 357 3315 Ἰ
574 3258 602 3305 of
771 3258 873 3320 gaceigd
890 3270 945 3305 was
979 3255 994 3315 Ἰ
1046 3246 1070 3305 fe
1137 3257 1303 3318 bersynnigra
1388 3259 1477 3319 gebest
1722 3262 1735 3311 1
1790 3249 1903 3310 fdritnise

247 3336 300 3422 qui
334 3346 365 3401 et
384 3334 539 3400 Mattheus
565 3335 605 3400 de
624 3334 747 3401 teloneo
796 3345 925 3401 uocatur
972 3346 1004 3401 et
1023 3357 1079 3421 pro
1100 3336 1335 3422 publicanorum
1356 3338 1499 3402 conuiuio
1522 3338 1679 3425 quaerella
1699 3339 1750 3405 uel
1778 3339 1909 3405 obiectio
1940 3338 2170 3427 pharisaeorum

259 3473 332 3521 fihles
376 3472 429 3522 ’tas
447 3472 502 3522 alda
543 3468 559 3531 1
604 3473 681 3522 uinea
740 3475 751 3521 1
810 3474 880 3534 byttu
966 3472 1112 3535 mibeeping
1179 3474 1275 3535 gessgd
1291 3473 1340 3524 bl’o
1503 3465 1528 3525 fe
1571 3477 1635 3527 bara
1652 3477 1724 3526 ahere
1757 3480 1786 3526 fn
1809 3477 1944 3539 sunnadng
1977 3476 2035 3526 naid
2048 3485 2171 3525 numenne

247 3553 342 3639 panni
376 3552 488 3617 veteris
535 3561 565 3615 et
605 3550 670 3615 uini
713 3550 764 3615 uel
805 3550 887 3615 utrid
924 3551 1142 3638 conparatione
1176 3552 1335 3617 refellitur.
1384 3577 1455 3618 v111.
1477 3554 1541 3619 Pro
1569 3556 1723 3643 spicarum
1749 3555 1783 3618 in
1803 3556 1930 3620 sabbato
1991 3554 2131 3618 nulsione

280 3687 348 3737 'bem
366 3686 494 3736 telendum
561 3685 727 3749 gebreutnum
769 3686 888 3750 gafylgeb
905 3678 953 3736 eli
969 3687 1023 3737 'don
1062 3687 1146 3737 honda
1188 3689 1262 3750 dryge
1297 3689 1354 3740 ml’d
1372 3692 1406 3739 eft
1423 3692 1530 3751 boetang
1546 3692 1557 3738 l
1574 3691 1611 3739 eft
1626 3691 1699 3739 boote
1888 3690 2008 3749 ’eshtung
2082 3685 2136 3733 wib

187 3765 227 3830 15
247 3765 522 3854 reprehensoribus
558 3765 722 3853 increpatis
824 3767 962 3851 sequitur
1043 3788 1153 3830 manus
1172 3765 1277 3830 aridae
1408 3766 1567 3832 restitutio.
1742 3791 1825 3831 vnn.
1857 3764 2028 3830 Consilium
2064 3772 2171 3826 contra

259 3901 317 3952 hine
352 3903 394 3951 hia
412 3902 482 3953 doa’d
735 3900 840 3965 gehtrdo
910 3904 957 3953 ’oar
1010 3904 1080 3967 ecipp
1154 3901 1275 3964 gehrluon
1325 3905 1377 3953 him
1420 3904 1561 3965 angelicum
1577 3903 1589 3952 1
1605 3901 1760 3964 monigfaldu
1828 3900 2001 3961 untrymulssd
2062 3899 2153 3947 unhale

249 4003 320 4045 enm
357 3981 473 4046 faciunt
504 3979 658 4069 pharisaei
678 3980 885 4046 deseruientes
906 3980 949 4045 ibi
970 3980 1111 4044 nanicula
1130 3987 1291 4068 tangentes
1311 4005 1381 4049 eum
1526 3981 1656 4047 diuersis
1799 3976 2025 4043 infirmitatibus
2052 3978 2171 4062 aegroti

251 4116 359 4177 gehalad
377 4117 459 4167 bibon
622 4118 691 4166 tuoel
801 4116 896 4178 'tegnas
954 4122 981 4165 to
1067 4115 1182 4164 bodanne
1268 4119 1325 4169 mlh
1344 4121 1413 4170 word
1448 4120 1505 4170 ml’d
1520 4121 1639 4183 gabrohtn
1705 4119 1795 4167 maheu
1847 4112 1944 4163 rendae
1972 4110 2004 4159 bn
2038 4112 2171 4160 beelzebub

278 4204 434 4258 sanantur.
510 4220 539 4260 x.
563 4194 738 4261 Duodecim
760 4194 926 4281 discipulos
945 4193 986 4257 ad
1005 4193 1244 4281 praedicandum
1291 4198 1389 4262 uerbo
1483 4198 1612 4264 conlatis
1664 4195 1827 4261 uirtutibus
1848 4192 1947 4256 mittat
1968 4191 2000 4254 in
2021 4191 2172 4255 belzebub

263 4328 322 4379 hine
356 4343 431 4391 mega
635 4333 766 4383 cue’tende
834 4330 909 4383 anate
1235 4346 1325 4382 verere
1364 4333 1449 4385 cuoeb
1492 4334 1519 4384 ln
1558 4338 1628 4398 gasat
1663 4332 1730 4395 halig
1798 4330 1918 4390 ebolsong
1985 4324 2002 4387 Ἰ
2036 4326 2173 4376 samanar

255 4429 327 4473 eum
349 4430 439 4496 posse
461 4405 526 4496 [fol.
540 4410 609 4498 90s]
632 4412 766 4478 dicentes
787 4411 946 4498 redarguit
966 4409 1212 4477 inremissibilem
1244 4432 1312 4477 esso
1352 4411 1456 4479 dicens
1486 4413 1519 4477 in
1556 4419 1625 4499 epm
1663 4417 1728 4477 adm
1755 4409 1947 4497 blasphemia
1976 4418 2007 4473 et
2043 4416 2173 4470 matrem

262 4543 278 4606 Ἰ
316 4546 411 4597 bro’tar
449 4547 491 4596 hia
525 4547 615 4608 corsae
649 4548 713 4598 sees
748 4548 802 4598 ’one
820 4548 922 4596 sudores
969 4546 1038 4596 doe’d
1140 4549 1207 4597 willo
1425 4549 1499 4598 lesda
1575 4539 1600 4599 fe
1617 4554 1680 4598 cette
1765 4548 1854 4610 bispell
1924 4546 1977 4594 ’ees
1995 4545 2121 4594 sanandas
2155 4542 2170 4602 Ἰ

252 4649 288 4692 ac
308 4628 419 4692 fratres
440 4647 493 4692 eos
520 4636 611 4692 uocat
653 4627 705 4712 qui
787 4625 883 4713 patris
943 4625 1052 4690 fecerit
1072 4626 1272 4691 uoluntatem.
1327 4648 1371 4690 ιιι.
1399 4626 1524 4693 Docenc
1551 4627 1699 4715 proponit
1724 4624 1904 4712 parabolam
1931 4623 2109 4689 seminantis
2145 4635 2175 4687 et

263 4761 302 4810 his
338 4763 374 4812 ’oa
390 4763 439 4812 flea
478 4760 594 4823 syndrige
646 4766 744 4822 gasatta
795 4759 867 4809 braht
960 4764 1113 4814 merviniae
1210 4760 1323 4824 ’tegnam
1565 4764 1617 4814 lcht
1700 4762 1781 4812 undar
1819 4761 1893 4810 mitto
1912 4760 1923 4808 1
1942 4762 1983 4808 fet
2017 4774 2048 4808 na
2069 4761 2091 4807 ts
2128 4767 2157 4807 to

189 4840 231 4903 20
252 4841 314 4904 suis
356 4863 424 4905 eam
465 4861 603 4905 seorsum
635 4837 763 4925 exponit
796 4838 880 4904 clara
909 4841 1155 4906 manifestatione
1186 4839 1350 4927 discipulis.
1412 4863 1469 4904 xn.
1501 4837 1677 4908 Lucernam
1718 4840 1776 4906 sub
1850 4840 1954 4904 modio
2023 4859 2087 4901 non
2122 4859 2175 4924 po-

258 4981 371 5026 settenne
449 4978 460 5024 1
537 4970 655 5037 depende
736 4986 811 5022 menn
957 4976 995 5024 his
1057 4991 1162 5040 gewaxe
1209 4976 1225 5036 {l
1268 4978 1297 5026 of
1342 4989 1401 5026 eom
1448 4977 1548 5040 senepls
1583 4977 1651 5028 aua’d
1809 4973 2014 5052 *punamyltnlse
2037 4974 2094 5024 mle
2107 4976 2176 5023 word

252 5053 385 5118 nendam
426 5055 477 5119 uel
508 5053 679 5118 dormiente
704 5051 830 5116 homine
857 5062 922 5116 sata
947 5054 1012 5119 eius
1040 5076 1178 5121 creseere
1205 5065 1237 5120 et
1262 5055 1301 5121 de
1321 5075 1422 5140 grano
1443 5054 1557 5142 sinapis
1578 5056 1660 5120 dicit
1703 5079 1774 5121 ιιιιι.
1794 5054 2024 5140 Tempestatem
2051 5055 2148 5117 uerbo

253 5231 272 5274 1.
293 5230 347 5272 dem
365 5230 411 5275 118.
436 5230 485 5275 at.
504 5242 561 5285 opus
580 5230 625 5275 fult
642 5230 701 5275 aetra
721 5234 751 5274 οι
770 5229 839 5275 dieta.
870 5231 891 5275 3.
912 5233 927 5274 t
948 5244 1082 5290 moseum.
1109 5234 1252 5290 trallenses.
1277 5234 1363 5287 requiri
1384 5239 1482 5289 omae.
1514 5236 1534 5277 1.
1553 5236 1567 5279 Ι.
1589 5237 1760 5281 exhortationis.
1785 5235 1818 5277 11.
1831 5233 1847 5277 t
1861 5235 1976 5282 tactuque.
2019 5232 2050 5273 11.
2068 5233 2083 5274 1.
2101 5233 2177 5278 ntttlt.

290 5296 323 5339 19.
337 5296 353 5339 l.
366 5296 471 5340 fecerint.
495 5297 527 5340 w.
540 5297 575 5340 ed
587 5297 696 5343 centulae
710 5297 758 5343 18.
