4748 6098
1057 320 1306 396 ...10-

247 517 392 567 waldorlicn
580 516 616 565 ilc
682 515 759 595 godps
794 531 853 565 com
905 517 999 581 sinapis
1063 519 1181 579 gestanda
1231 515 1248 579 Ἰ
1285 525 1311 568 to
1330 521 1418 569 alento
1453 524 1490 570 tro
1516 522 1645 572 narons’ta
1680 523 1777 574 achon
1813 525 1868 574 lltas
1895 539 1964 586 νοις
1999 527 2178 588 lytlallytelra

248 597 400 683 gloriosis.
445 621 508 660 nvi.
531 596 675 681 Regnum
708 593 740 658 di
777 616 876 680 grano
898 594 1012 683 sinapis
1036 618 1208 683 conparans
1230 609 1260 663 ct
1281 599 1432 664 fermento
1453 599 1493 664 de
1513 610 1645 686 angusta
1665 623 1789 689 quoque
1810 603 1891 668 uitae
1910 606 1961 668 uia
1997 627 2166 691 paucorum

251 734 369 797 spramnd
404 747 502 783 wosron
538 731 621 782 mose
648 729 833 781 caloremmto
860 731 996 797 hletmastd
1036 729 1053 791 Ἰ
1090 732 1127 783 δα
1144 733 1280 784 hlntmcsto
1314 722 1426 784 lemano
1665 738 1721 786 hero
1850 742 1894 787 lox
1987 742 2098 791 nemneh
2157 740 2175 802 Ἰ

249 813 377 898 loquens
409 821 500 878 erunt
533 812 654 900 inquit
694 809 786 897 primi
848 811 1007 876 nouissimi
1029 823 1059 877 et
1105 812 1264 877 nouissimi
1322 814 1423 900 primi.
1492 838 1569 882 nvn.
1607 815 1769 882 Herodem
1805 818 1932 905 uulpem
1974 821 2110 907 appellat
2148 834 2179 887 et

319 951 360 997 hie
462 949 593 1008 genisaco
641 947 708 996 o’trd
759 948 798 997 hla
832 948 940 1007 gcscllde
993 948 1150 997 onaacacnda
1764 954 1880 1015 gagemda
1907 956 1988 1004 snelaa
2015 960 2043 1006 ot

247 1027 444 1093 Hierusalem
464 1029 603 1114 increpat
644 1027 700 1091 alis
741 1025 806 1091 eius
827 1026 948 1113 protegi
969 1037 1175 1114 respuentem.
1223 1050 1313 1091 nv111.
1346 1026 1564 1115 Hydropioum
1597 1031 1724 1097 sabbato
1762 1055 1873 1097 curans
1905 1035 1992 1099 uelut
2022 1035 2178 1103 deumoris

253 1164 330 1214 ssa’ca
398 1164 498 1227 gefrsod
609 1163 727 1226 lyccedon
1000 1164 1079 1212 males
1120 1163 1132 1211 t
1187 1177 1247 1213 oxea
1282 1178 1314 1214 on
1350 1165 1416 1215 hem
1473 1168 1550 1216 telles
1645 1171 1673 1217 ol
1687 1170 1804 1231 trahtung
1888 1171 2008 1231 gcscende
2099 1173 2143 1221 ed·

247 1253 341 1330 puteo
363 1244 527 1308 liberatum
547 1253 775 1307 murmurantes
797 1241 973 1327 pharisaeos
1004 1242 1081 1305 asini
1099 1242 1150 1307 uel
1173 1243 1262 1308 bouis
1282 1244 1315 1307 in
1366 1266 1404 1309 eo
1445 1244 1582 1310 cadentis
1613 1247 1833 1311 extractatione
1870 1248 2030 1312 confundit
2057 1249 2178 1314 humili·

245 1381 359 1429 modnlaa
394 1393 427 1427 cc
446 1378 500 1429 ’ton
551 1384 578 1428 to
596 1379 693 1440 fylgena
749 1377 822 1426 larda
867 1391 899 1425 on
933 1378 1074 1439 gebaarsclp
1112 1377 1164 1426 hat
1180 1366 1231 1426 ima
1310 1389 1389 1443 ‚erest
1473 1381 1569 1429 bebead
1619 1393 1651 1431 na
1668 1381 1739 1430 sohte
1801 1383 1887 1432 iners
1905 1389 1932 1433 to
1953 1397 2056 1434 saeuos
2127 1400 2159 1437 na

206 1460 341 1524 litatem
384 1479 509 1544 quoque
529 1457 706 1522 sectandam
727 1456 841 1520 docens
870 1455 901 1517 in
929 1455 1072 1520 conuiuio
1099 1456 1234 1543 primum
1254 1459 1427 1522 accubitum
1448 1459 1598 1546 praecipit
1649 1480 1712 1524 non
1826 1462 2037 1546 quaerendum
2121 1486 2179 1530 nec

256 1596 343 1656 weliga
384 1595 414 1643 ah
441 1594 606 1644 &donando
634 1591 706 1641 ’caca
740 1606 771 1641 ns
841 1591 949 1640 clteele’c
999 1605 1062 1639 wsrs
1096 1597 1122 1641 ta
1140 1592 1263 1641 toodanna
1618 1595 1692 1646 catch
1752 1596 1869 1659 gaddana
1921 1602 1949 1648 ot
1982 1599 2048 1648 ’cnm
2064 1600 2177 1652 la’saada

249 1675 357 1739 diuites
377 1674 433 1738 sed
453 1694 603 1760 pauperes
643 1671 696 1756 qui
724 1692 788 1735 non
808 1670 981 1734 retribuant
999 1691 1067 1735 esse
1092 1671 1272 1757 pascendos.
1296 1672 1362 1756 [fol.
1379 1672 1459 1761 134]
1480 1696 1585 1738 nv1111.
1600 1672 1694 1739 Ponit
1713 1676 1893 1762 parabolam
1915 1676 1955 1741 de
2003 1679 2136 1743 inuitatis

247 1811 308 1860 seha
343 1813 403 1860 hine
451 1800 554 1858 lcuoede
598 1809 736 1870 gaamaadc
754 1808 765 1854 l
782 1805 913 1867 gatelcdan
947 1806 1042 1866 symbol
1076 1820 1108 1856 na
1166 1821 1263 1858 waeran
1306 1808 1393 1870 wyr’ha
1572 1811 1662 1860 la’tum
1763 1810 1800 1861 ’da
1818 1811 1917 1861 nsdlicu
1984 1814 2043 1864 mili
2060 1814 2115 1865 con
2158 1814 2175 1875 Ἰ

248 1891 300 1976 qui
352 1911 387 1955 se
428 1909 577 1953 excusare
679 1885 837 1950 studentes
959 1905 1035 1950 cena
1065 1906 1129 1949 non
1160 1886 1276 1950 suerint
1310 1886 1407 1973 digni.
1465 1912 1516 1953 ax.
1548 1888 1689 1956 Oditun's
1721 1889 1960 1957 necessitudines
1991 1893 2117 1981 insuper
2146 1909 2178 1962 et

288 2028 356 2076 sanai
431 2026 470 2074 his
518 2022 534 2083 Ἰ
573 2024 696 2082 andrense
738 2022 797 2071 rods
831 2021 978 2082 garylgendo
997 2034 1078 2070 noeto
1165 2020 1274 2097 *figulis
1363 2023 1545 2086 gattmbrendas
1585 2030 1664 2075 torres
1697 2022 1714 2086 Ἰ
1751 2028 1779 2075 ol
1801 2026 1884 2089 gasaht
1917 2030 2024 2091 cyninga
2069 2037 2159 2095 tuosga

247 2106 381 2169 animam
402 2126 490 2169 suam
512 2113 543 2167 et
563 2109 698 2164 assumta
718 2121 810 2164 cruce
890 2100 1024 2163 secuturi
1097 2101 1327 2166 similitudinem
1359 2101 1549 2168 aedificando
1578 2105 1671 2168 turris
1692 2105 1781 2170 etde
1802 2105 1886 2171 bello
1916 2127 2025 2193 regum
2043 2108 2175 2176 duorum

244 2242 384 2304 gosceadae
431 2239 499 2299 Ἰιιο
543 2239 579 2286 sla
631 2230 849 2298 emendicata
901 2237 949 2284 salt
1197 2238 1229 2286 ah
1288 2251 1345 2288 soro
1403 2238 1505 2289 habba’t
1540 2244 1566 2288 to
1584 2241 1691 2288 herenna
2148 2248 2177 2292 ar

246 2321 374 2407 exponit
417 2339 496 2383 neue
537 2315 576 2380 sit
696 2314 763 2400 quis
898 2312 944 2377 sal
975 2313 1158 2380 infatuatum
1185 2316 1241 2381 sed
1268 2338 1358 2381 aures
1397 2317 1511 2383 habeat
1540 2318 1694 2384 audienda
1751 2343 1816 2384 aar.
1846 2320 2104 2386 Murmurantihus
2132 2321 2171 2386 de

304 2469 384 2517 synna
474 2453 616 2516 geheameip
682 2448 798 2513 gsddung
859 2451 940 2512 seipas
975 2448 991 2509 Ἰ
1035 2452 1152 2513 wearing
1191 2452 1288 2502 settai’t
1345 2456 1450 2515 bagatha
1548 2456 1642 2507 hsbsad
1734 2454 1848 2532 *figeres
1899 2459 1935 2506 tro
2000 2457 2138 2507 unvano

188 2538 227 2600 10
247 2544 443 2621 peccatorum
474 2531 617 2597 conuiuio
650 2528 831 2617 parabolam
872 2529 938 2593 ouis
973 2537 1004 2593 et
1024 2529 1162 2616 dragmae
1197 2532 1286 2618 ponit
1319 2532 1464 2600 maeatae
1483 2535 1704 2600 commendans
1724 2535 1874 2623 gaudium
1894 2535 1934 2600 de
1969 2535 2173 2623 poenitentum

268 2672 329 2720 halo
382 2670 528 2732 tocymands
721 2663 840 2727 gaddnng
904 2671 997 2726 gesetta
1038 2669 1074 2714 tro
1109 2672 1218 2715 westmo
1252 2665 1269 2726 Ἰ
1311 2667 1378 2717 hem
1395 2683 1458 2730 arga
1501 2683 1593 2718 sunum
1640 2667 1772 2745 pannem
1843 2671 1930 2721 hehola
1992 2678 2019 2721 ta
2076 2672 2144 2721 leder

247 2750 345 2814 salute
389 2749 503 2813 futuru.
578 2771 655 2811 axn.
683 2743 869 2809 Parabolam
890 2765 1009 2829 ponens
1038 2743 1078 2808 de
1128 2745 1212 2829 frugi
1247 2755 1278 2810 et
1304 2746 1464 2811 luxoriosa
1515 2747 1587 2810 filiis
1620 2749 1798 2814 reuersione
1827 2749 1953 2837 prodigi
1984 2749 2024 2815 ad
2059 2761 2178 2837 patrem

283 2887 346 2935 halo
415 2884 500 2948 sagos
545 2884 613 2935 hera
629 2882 743 2931 hananias
943 2880 979 2928 tro
1014 2882 1112 2939 geronta
1151 2881 1340 2930 unrehtvisnlse
1374 2885 1411 2931 tro
1520 2882 1620 2944 nagalta
1723 2885 1786 2935 acha
1820 2884 1936 2962 §scyld
1975 2886 2097 2936 hlutardaa
2131 2887 2172 2935 his

247 2965 377 3029 salutem
400 2964 515 3028 indicat
540 2962 759 3049 paenitentum.
812 2981 904 3022 nxm.
934 2956 986 3022 De
1017 2957 1110 3022 uilico
1159 2957 1325 3044 iniquitatis
1368 2981 1409 3025 cx
1440 2960 1688 3028 dissimilitudine
1722 2963 1774 3050 qui
1808 2964 1946 3030 debitum
1976 2964 2094 3029 domini
2132 2967 2180 3031 sui

352 3099 485 3162 hagucipe
697 3093 802 3155 masada
819 3093 831 3140 l
850 3093 912 3142 luds
1066 3107 1097 3142 na
1137 3094 1226 3143 mahta
1259 3096 1324 3156 gode
1376 3098 1433 3146 hara
1526 3098 1592 3159 anig
1673 3095 1689 3159 Ἰ
1910 3103 2014 3163 gitsam
2059 3102 2163 3164 gahra’c

244 3192 311 3245 astu
328 3178 502 3245 sollertiore
521 3175 675 3240 minuerat
713 3171 887 3237 introducit
918 3171 1113 3237 nxr111.Non
1133 3194 1223 3260 posse
1271 3175 1312 3239 dd
1336 3178 1454 3242 seruire
1485 3183 1640 3264 quemque
1666 3188 1696 3242 et
1719 3200 1882 3244 mamonae
1909 3201 2020 3245 auaros
2041 3179 2183 3268 increpat

259 3318 296 3368 ’ta
314 3318 417 3366 clamas
502 3310 558 3374 ja
635 3309 717 3359 ausae
771 3309 783 3356 t
877 3310 952 3370 witgo
1046 3309 1100 3360 ale
1118 3315 1145 3359 to
1271 3311 1314 3360 lah
1603 3309 1716 3389 lpas
1801 3302 1891 3364 llaana
1933 3315 2029 3364 sualua
2085 3315 2130 3364 wir

246 3397 423 3486 pharisaeos
444 3393 608 3479 legemque
627 3388 731 3454 dicens
753 3388 803 3452 uel
823 3389 991 3476 prophetas
1021 3409 1119 3475 usque
1139 3387 1180 3452 ad
1204 3389 1378 3456 Iohannem
1407 3391 1568 3480 baptistam
1598 3403 1628 3459 et
1649 3393 1732 3481 quod
1753 3394 1916 3459 demittens
1944 3387 2028 3482 quis
2047 3417 2179 3461 uxorem

269 3532 410 3596 gesyngade
583 3527 618 3578 he
636 3527 829 3576 nomllthsortne
887 3525 974 3588 wellgs
1024 3526 1264 3588 gahinadns'lmi’c
1282 3529 1340 3577 tella
1373 3526 1389 3587 Ἰ
1433 3529 1502 3579 hone
1522 3528 1596 3579 horte
1867 3531 1976 3580 luladds
2061 3530 2181 3582 adnando

185 3615 225 3678 lo
246 3611 433 3675 moechatur.
476 3630 548 3672 axv.
570 3604 841 3670 Inmisericordem
862 3603 989 3670 diuitem
1081 3615 1286 3693 purpuratum
1359 3616 1391 3671 et
1425 3628 1593 3694 pauperem
1623 3605 1778 3673 Lanarum
1810 3609 2009 3675 introducens
2046 3609 2181 3674 ostendit

262 3749 335 3797 holca
370 3758 434 3793 nero
471 3743 603 3793 hronsndo
637 3744 757 3791 hrealaras
793 3755 838 3792 sua
876 3744 1032 3805 genamadon
1076 3741 1128 3818 “pta
1147 3743 1189 3789 hia
1204 3755 1267 3790 were
1287 3743 1394 3805 gsplned
1423 3743 1555 3806 scearpllca
1726 3759 1769 3793 vase
1817 3759 1869 3794 ante
1904 3744 1971 3795 ’dem
1988 3745 2181 3808 ondspymends

246 3827 349 3914 qualia
374 3825 436 3888 sint
473 3821 594 3910 passuri
626 3830 765 3907 raptores
792 3821 836 3887 sic
863 3831 1041 3887 maerentur
1174 3819 1277 3906 puniri
1422 3831 1554 3886 tenaces.
1597 3845 1683 3888 am.
1707 3822 1774 3891 Uac
1805 3824 1879 3889 dicit
1928 3825 2148 3890 scandalizanti

244 3947 310 3998 cam
327 3943 464 3994 tranando
508 3956 542 3990 aa
583 3940 677 3990 broce
720 3944 766 3990 unt
806 3940 1046 4003 undseotantigsl’ca
1080 3941 1149 3988 scota
1167 3938 1228 3989 sl’ta
1295 3941 1354 3989 heht
1404 3939 1461 4017 pte
1479 3955 1542 3989 wera
1560 3929 1642 4002 {gelen
1860 3942 1932 4007 getae
1987 3945 2038 3992 him
2078 3945 2161 3994 badan

272 4022 438 4112 paenitenti
480 4041 555 4086 uero
587 4018 675 4083 fratri
709 4019 768 4083 etia
840 4018 1014 4106 septuagies
1099 4016 1211 4104 septies
1252 4017 1390 4105 precipit
1422 4020 1649 4085 remittendum.
1698 4044 1798 4086 nxvn.
1829 4021 1951 4108 Augeri
1983 4021 2040 4086 sibi
2070 4031 2184 4109 petunt

246 4159 282 4208 ’da
300 4158 424 4220 apostolas
574 4153 590 4217 Ἰ
627 4155 750 4218 gehsrdon
786 4158 815 4206 ol
884 4146 997 4216 lesam
1088 4161 1152 4203 trees
1245 4155 1336 4206 s’tnlsc
1399 4153 1551 4217 chasteno
1600 4157 1657 4207 mlh
1674 4158 1759 4207 blsans
1810 4160 1847 4206 tro
1895 4170 1953 4206 asna
1994 4157 2100 4207 herendo
2151 4159 2163 4206 l

267 4236 398 4325 apostoli
471 4236 534 4300 fide
571 4248 601 4301 et
626 4234 754 4301 audiunt
781 4235 820 4300 de
840 4233 1042 4299 translatione
1063 4233 1183 4298 arboris
1203 4234 1380 4299 facultatem
1402 4235 1562 4321 positaque
1582 4234 1780 4300 similitudine
1806 4235 1846 4300 de
1875 4256 1968 4301 seruo
1995 4244 2100 4300 arante
2127 4236 2181 4300 uel

261 4357 383 4408 foedanda
421 4355 498 4405 larse
532 4354 559 4431 ᾖ
597 4357 632 4407 ’δι
649 4355 701 4406 idlo
737 4359 780 4406 hta
823 4369 867 4418 gae
933 4353 1049 4416 garyldon
1099 4354 1171 4405 ’daca
1221 4355 1335 4404 bahadan
1371 4368 1468 4404 waeran
1503 4354 1642 4418 geondetad
1660 4357 1712 4404 slnt
1881 4364 1921 4406 tas
1937 4357 1949 4404 t
1965 4363 2024 4405 tana
2072 4357 2156 4404 hrealo

246 4446 390 4526 pascente
410 4436 501 4500 docet
527 4445 562 4499 ut
585 4436 709 4501 inutiles
743 4458 776 4502 se
799 4435 891 4498 otiam
911 4434 1072 4520 implentes
1094 4455 1173 4520 quae
1194 4442 1359 4521 praecepta
1390 4443 1462 4499 sunt
1523 4435 1684 4498 fateantur.
1746 4456 1861 4498 axum.
1896 4433 2016 4498 Decem
2049 4432 2182 4519 leprosis

247 4559 398 4621 gaclaensada
646 4570 677 4604 an
731 4569 822 4604 nomaa
874 4549 889 4611 Ἰ
934 4552 978 4602 'dis
1015 4555 1125 4603 utaaund
1144 4567 1210 4616 cyna
1246 4559 1272 4603 ta
1310 4552 1444 4614 horigunge
1479 4552 1612 4615 genoeadc
1654 4553 1706 4630 fta
1724 4567 1806 4604 scaro
1824 4561 1975 4603 tosaccanns

185 4643 227 4704 ‘20
248 4638 401 4703 mundatis
423 4633 488 4724 [fol.
512 4632 601 4721 leth]
625 4655 704 4698 unus
724 4642 844 4697 tantum
874 4642 905 4697 et
925 4633 985 4697 hoc
1027 4633 1201 4720 alienigena
1242 4630 1283 4695 ad
1322 4631 1439 4718 gratias
1471 4631 1636 4696 reuertitur
1731 4631 1917 4697 referendas.
2052 4655 2181 4697 axvnu.

255 4773 309 4808 aas
326 4757 451 4821 lrcgnsnd
491 4758 528 4805 tro
598 4756 636 4806 tid
721 4755 784 4802 riaas
821 4753 897 4814 godes
914 4753 1089 4816 geondueards
1124 4764 1156 4802 aa
1201 4751 1260 4801 mi'c
1350 4752 1439 4814 gahald
1526 4752 1672 4813 tocymanda
1722 4747 1817 4809 thina
1850 4752 1980 4803 ta’tunari
2027 4753 2147 4813 gaelaada

247 4838 460 4923 Interrogatus
487 4834 526 4900 de
546 4844 684 4922 tempore
704 4834 794 4919 regni
841 4822 878 4896 di
922 4832 1082 4920 respondit
1102 4853 1165 4896 non
1192 4853 1262 4895 cnm
1285 4831 1501 4896 obseruatione
1516 4840 1681 4896 uenturum
1701 4852 1834 4917 eumque
1853 4832 1969 4918 fulgori
1997 4852 2183 4918 comparans

268 4956 429 5007 niomandst
479 4958 522 5007 hta
556 4956 639 5006 enoch
696 4967 772 5004 mann
855 4968 902 5003 aaa
942 4967 974 5003 an
1037 4953 1103 5011 dage
1155 4963 1216 4999 noea
1249 4949 1265 5009 Ἰ
1310 4950 1364 5001 loth
1404 4948 1421 5009 Ἰ
1467 4954 1496 5000 ol
1527 4942 1602 5001 tuoni
1642 4965 1675 5000 on
1721 4951 1769 5001 hus
1809 4965 1842 5000 on
1876 4965 1949 5001 coam
1988 4946 2005 5010 Ἰ
2043 4964 2074 5000 on
2119 4950 2183 5000 lond

248 5036 444 5123 occupandos
473 5058 526 5101 eos
560 5033 634 5099 dicit
661 5033 802 5098 homines
837 5032 916 5097 sicut
945 5033 978 5096 in
1010 5031 1119 5097 diebus
1146 5028 1217 5094 Noe
1238 5039 1270 5094 et
1291 5028 1374 5093 Loth
1395 5041 1426 5096 et
1452 5030 1490 5095 de
1520 5029 1602 5093 binis
1639 5029 1779 5140 inztecto
1808 5030 1841 5095 in
1867 5030 1952 5094 mola
1979 5040 2010 5095 et
2037 5029 2069 5093 in
2102 5052 2183 5116 agro

232 5187 254 5231 1.
274 5184 335 5242 lytla
350 5183 440 5242 tytelra
457 5182 509 5231 MS.
542 5183 566 5229 ³.
586 5181 601 5228 1.
620 5180 650 5228 da
668 5178 786 5226 bumaria
820 5179 844 5226 t.
861 5177 879 5226 l.
897 5178 986 5227 aenda.
1021 5175 1228 5234 s.1.aaautarn.
1266 5178 1306 5225 lt).
1327 5175 1345 5224 l.
1361 5174 1497 5226 dammas.
1534 5171 1573 5224 u.
1591 5173 1608 5221 l.
1627 5172 1762 5222 dimittens.
1796 5174 1836 5222 lt.
1859 5172 1876 5219 l.
1900 5179 2030 5223 merantur.
2056 5172 2182 5237 ondspyr·

256 5266 330 5317 narde
348 5267 400 5316 ils.
439 5269 480 5316 20.
497 5266 514 5314 l.
532 5266 653 5314 auahuon
694 5265 734 5311 21.
752 5262 769 5311 1.
786 5276 863 5327 saque
881 5264 981 5325 fulgod.
1016 5261 1091 5310 snt
1111 5261 1347 5322 occupandorum
