4748 6098
1054 347 1303 423 ,15-

211 626 316 676 randum
350 622 425 700 phe
460 560 526 685 werd
581 620 628 669 trio
687 616 754 667 cua'b
785 616 856 667 ’heho
892 613 994 677 syrae
1064 627 1143 677 synna
1197 613 1354 665 ’emolitos
1388 613 1411 663 le
1470 626 1562 675 syrnos
1593 614 1609 674 Ἰ
1637 616 1719 666 bttullr
1745 616 1810 667 οξτο
1843 617 1942 677 rnerigo
1993 616 2080 677 dlobul

186 706 328 771 dentibus
374 723 408 768 se
459 720 525 765 esse
546 699 660 764 liberos
681 695 755 760 dicit
792 695 844 781 qui
904 694 977 758 facit
1014 702 1173 781 peccatum
1226 714 1336 759 seruus
1373 701 1420 758 est
1452 694 1569 780 peceati
1589 702 1620 758 et
1639 695 1720 759 inter
1747 695 1807 758 alia
1841 695 1939 759 multa
1954 695 2112 761 diabolum

209 838 354 900 monnulus·
405 833 422 894 Ἰ
464 836 593 896 lcarungcs
632 833 701 884 ’done
719 833 794 882 leder
839 829 965 881 tobocnsli
1148 827 1211 878 eote
1293 828 1362 878 word
1446 828 1529 878 euoch
1589 831 1642 878 min
1719 831 1835 891 gebaldes
1928 831 1995 881 deae
2065 846 2096 881 ns

187 918 372 984 homicidam
398 926 429 980 et
453 912 604 980 mendacii
652 920 771 998 patrem
822 907 972 995 adsignat
1015 929 1123 971 xxrrrr.
1143 906 1207 986 Qui
1234 928 1408 972 sermonem
1435 907 1534 994 inquit
1559 930 1664 974 meum
1691 911 1863 975 seruauerit
1890 919 2022 976 mortem
2048 932 2111 976 non

208 1053 293 1115 eccilli
342 1055 369 1103 ln
435 1049 529 1100 ioniam
594 1046 610 1107 Ἰ
655 1047 737 1097 bltulh
795 1045 860 1096 cliro
923 1045 1022 1103 mcuigo
1086 1057 1118 1091 cr
1200 1045 1299 1091 abraam
1341 1041 1393 1118 *pte
1429 1057 1490 1092 were
1536 1043 1610 1094 enae’t
1650 1045 1741 1108 gecsdo
1779 1048 1809 1094 ot
1840 1045 1908 1096 hem
1919 1049 2011 1111 temple

187 1132 303 1197 uidebit
332 1131 364 1195 iu
396 1140 556 1195 aeternum
586 1138 617 1193 et
654 1127 735 1190 iuter
768 1133 870 1189 cetera
899 1123 1032 1211 plurima
1062 1133 1134 1188 ante
1160 1119 1323 1186 Abraham
1351 1143 1384 1187 se
1425 1143 1491 1186 esse
1518 1121 1623 1188 dicens
1646 1124 1742 1188 exiuit
1772 1125 1811 1189 de
1853 1127 1978 1214 templo.
2037 1149 2113 1191 xxv.

188 1269 257 1319 tione
274 1267 362 1318 blludo
397 1267 435 1315 tro
473 1265 654 1315 stumrosnnise
689 1261 797 1324 gchclsd
814 1274 865 1309 uss
907 1259 959 1308 loht
1000 1257 1120 1318 middnng
1154 1256 1184 1306 he
1220 1255 1293 1305 cuch
1343 1256 1409 1306 ’tono
1452 1256 1549 1319 mlli’ey
1620 1259 1754 1310 tullchtsdc
1825 1264 1924 1322 monlgo
1972 1261 2007 1311 ’δι
2026 1262 2098 1310 coldo

208 1345 343 1414 Caecum
404 1369 423 1409 a
482 1344 640 1408 natiuitatc
691 1350 851 1405 sanaturus
879 1338 980 1401 lucem
1000 1336 1108 1400 mundi
1149 1356 1183 1400 se
1214 1334 1287 1399 dicit
1321 1356 1413 1419 quern
1462 1357 1532 1399 cum
1576 1335 1788 1404 inluminasset
1822 1340 1920 1404 multa
1947 1340 2115 1427 pharisaeis

187 1482 244 1533 rni’b
262 1481 476 1532 unslbsumnisel
515 1477 662 1542 gadrootodo
680 1488 774 1526 noeron
956 1473 1107 1522 socosndum
1175 1472 1206 1521 he
1247 1472 1311 1520 lrom
1348 1470 1416 1520 eam
1433 1472 1548 1521 lnllchtet
1599 1472 1678 1535 cystg
1728 1476 1924 1536 gouor’eaduaes
2053 1478 2117 1527 sc'ts

254 1561 408 1626 anxietate
575 1555 704 1622 turbatis
795 1561 887 1638 atque
919 1550 1136 1637 quaerentibus
1156 1550 1221 1636 ipse
1256 1550 1296 1614 ab
1352 1548 1533 1614 inluminate
1562 1551 1703 1636 cognitus
1742 1553 1896 1619 adoramr.
1941 1578 2029 1620 xxvr.
2052 1555 2115 1635 Qui
2157 1558 2178 1621 ir

204 1710 236 1745 no
274 1696 369 1758 tngae’o
406 1695 479 1745 cuch
514 1696 541 1743 iu
576 1696 645 1756 seips
662 1693 714 1741 loco
750 1688 811 1739 earu
852 1686 917 1735 duro
956 1685 1015 1735 deal
1048 1686 1070 1734 is
1105 1681 1171 1744 tha
1189 1698 1247 1734 uere
1286 1683 1369 1735 cuoc’d
1417 1686 1482 1734 dum
1537 1681 1553 1744 Ἰ
1631 1686 1716 1735 hiorde
1801 1689 1870 1752 seips
1937 1678 1961 1738 le
2033 1689 2100 1739 'enm

188 1795 252 1839 non
273 1775 366 1838 intrat
385 1772 485 1858 inquit
504 1773 537 1836 in
604 1770 686 1836 ouile
747 1787 804 1855 per
825 1764 937 1830 ostium
956 1763 1008 1828 fur
1031 1773 1077 1830 est
1129 1784 1223 1849 seque
1285 1761 1358 1827 dicit
1388 1763 1499 1828 ostium
1527 1773 1558 1828 et
1592 1775 1747 1851 pastorem
1776 1767 1881 1830 ouium
1911 1789 1969 1855 pro
2002 1767 2114 1853 quihus

197 1909 227 1958 hc
280 1909 318 1958 his
402 1909 471 1958 rauel
525 1906 599 1985 'phe
617 1904 690 1955 uulda
707 1910 788 1966 goieto
821 1898 837 1962 Ἰ
875 1900 954 1951 chero
994 1900 1048 1963 scip
1100 1906 1127 1950 to
1144 1899 1286 1960 geladaunc
1363 1889 1468 1961 longos
1517 1896 1569 1975 'pto
1604 1902 1640 1949 sle
1699 1914 1731 1950 sn
1800 1899 1846 1950 ede
1864 1902 1875 1950 1
1892 1903 2001 1965 scipuloc
2053 1917 2116 1954 enno

191 2007 225 2052 se
253 2008 341 2050 suam
369 1985 502 2050 animam
575 1982 747 2071 positurum
820 1989 851 2046 et
879 1980 954 2044 ahos
986 1999 1060 2044 oues
1091 1977 1296 2043 adducturum
1326 1980 1504 2064 pronuntiat
1530 1987 1563 2042 ut
1591 1979 1645 2042 liat
1675 2000 1772 2043 unum
1854 1980 1936 2046 ouile
2037 2004 2118 2046 unus

189 2122 278 2171 hiorda
530 2121 605 2168 maht
697 2118 776 2166 herde
811 2117 841 2166 ho
874 2114 948 2166 cosli
978 2120 1088 2164 ootncsso
1130 2111 1147 2173 Ἰ
1186 2115 1222 2162 stt
1241 2119 1267 2163 tc
1287 2116 1410 2163 ontoanue
1463 2115 1531 2163 ssuol
1609 2113 1649 2163 hle
1699 2114 1795 2175 genere
1833 2129 1867 2164 cc
1885 2116 1939 2166 ’ton
1974 2117 2115 2167 nluostlm-

189 2210 302 2286 pastor.
355 2221 456 2264 xxvrr.
477 2197 634 2264 Potestate
671 2196 786 2261 habere
806 2217 842 2262 se
870 2195 944 2259 dicit
963 2192 1098 2280 ponendi
1125 2215 1161 2257 ac
1213 2190 1388 2258 resumendi
1429 2193 1564 2256 animam
1584 2214 1673 2256 suam
1706 2193 1787 2257 facta
1822 2214 1946 2281 quoque
2014 2217 2066 2260 en·

188 2335 275 2386 breda·
293 2336 366 2385 husos
384 2335 491 2397 helgone
763 2332 846 2381 hltulh
879 2331 980 2391 menige
1016 2329 1088 2379 'taho
1342 2328 1485 2377 fruendum
1555 2327 1645 2389 ssegda
1692 2326 1766 2378 euoe'd
1803 2331 1826 2378 lc
1866 2325 1882 2386 Ἰ
1918 2329 1988 2378 tader
2055 2344 2088 2380 an

301 2413 389 2479 eeuia
511 2409 742 2496 Hierosolymis
769 2411 850 2475 iuter
883 2408 980 2472 multa
1014 2429 1093 2494 quae
1113 2406 1281 2495 pharisaeis
1302 2407 1525 2471 sciscitantibus
1545 2406 1666 2472 dixerat
1703 2407 1746 2470 ait
1782 2429 1842 2494 ego
1863 2417 1894 2472 et
1913 2418 2001 2495 pater
2021 2430 2119 2473 unum

189 2562 225 2597 we
244 2549 337 2599 sindon
369 2545 386 2606 Ἰ
422 2548 521 2608 menlgo
592 2546 707 2608 galardon
766 2547 793 2594 ln
833 2546 885 2594 him
1083 2542 1201 2592 lutrarum
1270 2541 1361 2592 sochor
1377 2543 1453 2605 dogar
1548 2543 1611 2593 daed
1672 2543 1769 2605 mitiliy
1784 2544 1965 2593 hlueavoohte
2026 2546 2095 2608 slepe

211 2647 316 2690 smnus
365 2624 513 2690 etmulti
541 2620 893 2689 credideruntineum.
924 2643 1040 2686 xxvrrr.
1055 2619 1209 2684 Lazarum
1231 2620 1477 2706 quadriduanum
1498 2631 1652 2686 mortuum
1708 2623 1906 2688 suscitatauus
1982 2624 2118 2690 dormire
2142 2629 2181 2690 10

190 2762 273 2813 cuoo't
309 2761 377 2813 hone
396 2763 408 2811 1
424 2762 459 2812 ’ho
474 2762 532 2812 illos
575 2761 649 2810 mlcla
691 2761 771 2810 sarna
806 2758 863 2809 mih
881 2760 999 2819 oolgunge
1058 2769 1163 2804 auocare
1215 2755 1239 2803 ic
1256 2755 1330 2803 ualde
1364 2755 1455 2816 gehsht
1486 2753 1504 2815 Ἰ
1531 2760 1568 2806 tro
1583 2771 1678 2822 gaongr
1705 2759 1831 2821 menlgum
1880 2759 2036 2822 galerandum
2087 2764 2114 2810 ot

191 2841 264 2906 dicit
367 2861 459 2926 quem
561 2861 675 2925 magua
695 2859 772 2903 uoce
821 2836 983 2902 clamando
1018 2834 1202 2900 resuscitans
1232 2832 1316 2898 uolui
1361 2833 1446 2899 iubet
1483 2846 1514 2902 et
1553 2837 1639 2902 abire
1694 2837 1835 2925 plurimis
1862 2838 2057 2902 credentibus
2079 2859 2118 2904 ex

190 2978 308 3028 iudaeum
515 2974 551 3025 ’δι
568 2975 682 3037 biscopus
717 2986 843 3035 ongesegn
859 2973 871 3020 1
889 2970 938 3022 ui’e
972 2972 1031 3020 hlnc
1075 2983 1201 3031 somnnng
1252 2969 1422 3031 gagordrodon
1458 2972 1484 3019 lu
1524 2971 1592 3022 hem
1804 2986 1836 3022 an
1853 2973 1865 3020 1
1882 2986 1945 3022 onus
1988 2973 2120 3035 gcdaelush

189 3055 321 3121 Iudaeis.
356 3076 487 3120 xxvrrrr.
516 3052 683 3118 Pontifices
745 3051 894 3116 muersus
964 3071 1035 3116 cum
1056 3050 1220 3116 concilium
1263 3049 1414 3137 eolligunt
1455 3051 1488 3113 in
1529 3074 1590 3138 quo
1625 3050 1778 3140 Oaiaphas
1830 3073 1926 3116 unum
2008 3052 2122 3118 debere

190 3188 243 3266 'pte
259 3194 296 3241 sle
313 3189 375 3240 deod
410 3179 434 3238 ie
470 3189 538 3239 'dam
555 3189 618 3237 tolca
669 3187 806 3249 pentuma
857 3183 873 3244 Ἰ
919 3201 951 3235 er
994 3202 1039 3238 sax
1074 3188 1149 3250 degas
1192 3193 1283 3236 omues
1326 3186 1384 3236 mill
1402 3187 1527 3236 smirinlse
1562 3189 1613 3237 rost
1657 3180 1726 3238 ortui
1775 3202 1868 3239 uoeron
1887 3188 2053 3251 ’darhgottcno
2089 3193 2117 3239 ο1

253 3266 333 3331 mori
394 3286 452 3352 pro
487 3265 605 3353 populo
638 3263 833 3351 prophetizat
851 3274 971 3330 etanta
990 3287 1046 3330 sex
1077 3265 1143 3330 dies
1170 3266 1303 3353 paschae
1364 3274 1500 3350 ungento
1542 3266 1636 3353 pedes
1670 3266 1725 3331 dm
1805 3265 2032 3353 perfunduntur
2081 3267 2120 3332 de

201 3403 268 3453 eam
320 3399 403 3451 uerte
453 3399 528 3448 ludas
562 3399 715 3448 toslltntsel
748 3388 869 3449 lcuoodsn
888 3398 937 3448 bi’t
1073 3396 1191 3474 percat
1225 3400 1282 3450 mih
1316 3401 1430 3462 tuiggum
1498 3404 1581 3465 palma
1692 3416 1768 3464 gerru
1837 3402 1926 3465 osigc’t
1960 3402 2049 3452 lohel
2067 3404 2125 3464 uslg

193 3481 277 3546 cuius
304 3478 422 3567 praetio
442 3478 540 3544 Iudae
568 3499 709 3542 murmur
762 3477 911 3562 arguitur.
981 3498 1056 3539 xxx.
1079 3476 1186 3542 Turba
1215 3500 1287 3542 cum
1324 3478 1417 3542 ramis
1448 3480 1620 3565 palmarum
1642 3502 1805 3547 occurrens
1826 3481 1939 3547 clamat
1982 3503 2100 3546 osanna

209 3636 241 3684 ho
285 3582 346 3684 dud
395 3635 448 3682 oter
497 3628 593 3706 prole
636 3629 730 3679 sceldes
764 3633 839 3691 gasat
872 3628 940 3679 ³ersus
957 3629 1022 3678 eldu
1055 3628 1232 3678 onootcndum
1283 3629 1317 3676 ull
1382 3629 1485 3679 middin
1519 3633 1587 3679 alter
1626 3631 1679 3679 him
1712 3632 1796 3681 roardo
1966 3634 2121 3683 sacocndum

191 3713 256 3800 ipse
277 3733 352 3777 uero
372 3731 467 3798 super
486 3707 607 3796 pullum
628 3708 732 3773 asinae
760 3707 840 3773 sedit
859 3707 1033 3795 pheresaeis
1059 3705 1230 3771 dicentibus
1259 3714 1341 3772 totus
1363 3707 1496 3772 mundus
1516 3719 1587 3795 post
1613 3730 1685 3774 eum
1709 3710 1792 3775 abiit
1848 3733 1939 3776 xxxr.
1967 3711 2122 3776 Nuntiatis
2144 3712 2183 3776 15

218 3849 335 3899 taurum
383 3848 442 3896 hino
492 3859 565 3908 gaces
616 3843 767 3893 ussnmdum
834 3843 874 3894 tid
943 3843 982 3892 hle
1068 3841 1209 3904 gobrshtnls
1266 3842 1325 3892 hlne
1344 3841 1460 3902 cuch]
1515 3858 1575 3895 coru
1659 3848 1753 3898 huaetor
1873 3847 1936 3896 dead
1984 3848 2124 3910 monlgtsld

190 3927 357 4012 gentilibus
379 3946 449 3991 cum
471 3923 578 3988 uidere
597 3922 772 3988 uolentibus
793 3921 903 3987 horam
923 3942 997 3986 suae
1017 3920 1243 3985 clarificationis
1269 3943 1303 3986 sc
1337 3920 1417 3987 dicit
1430 3934 1460 3989 et
1472 3947 1607 4011 granum
1619 3924 1803 4014 frumenquc
1820 3936 1975 3991 mortuum
1989 3926 2120 3992 multum

192 4084 294 4128 uaccam
351 4077 480 4140 mosagao
549 4066 717 4137 tobrcngeride
770 4074 931 4125 embehtande
995 4086 1029 4121 ce
1048 4073 1102 4122 lion
1137 4074 1190 4122 him
1251 4075 1446 4136 amyreltcuat
1523 4067 1646 4129 serendae
1697 4081 1763 4128 from
1796 4078 1865 4128 leder
2051 4082 2121 4129 sauel

191 4152 293 4218 fructu
327 4157 505 4240 pronuntiat
547 4154 712 4219 allaturum
740 4153 965 4218 ministrantem
984 4173 1109 4239 quoque
1128 4152 1186 4216 sibi
1206 4152 1473 4220 honorificandum
1506 4157 1657 4243 promittit
1723 4180 1743 4220 a
1788 4166 1885 4244 patre.
1917 4180 2022 4222 xxxrr.
2045 4159 2123 4223 Ani·

320 4304 359 4355 lrts
419 4307 549 4369 gestyrodo
583 4305 635 4383 'pto
651 4308 689 4355 sle
724 4304 792 4356 hem
809 4303 956 4355 cnoe’tondc
990 4300 1006 4361 Ἰ
1043 4302 1202 4364 gehrehtntge
1236 4303 1295 4354 hlne
1329 4308 1366 4356 tro
1417 4307 1486 4356 foder
1534 4309 1678 4370 gowigcnde
1717 4312 1782 4359 stetu
1828 4312 1856 4358 ol
1898 4311 1989 4360 haomu
2040 4313 2124 4363 cuoc't
2219 4331 2224 4341 ·

193 4405 275 4448 mam
297 4404 385 4447 suam
420 4384 542 4448 turbata
605 4405 672 4450 esse
787 4383 899 4448 dicenti
989 4391 1019 4447 et
1045 4381 1213 4447 clarificare
1253 4403 1287 4448 se
1335 4407 1354 4448 a
1404 4394 1492 4473 patre
1533 4388 1672 4474 poscenti
1712 4409 1776 4452 uox
1821 4386 1860 4452 dc
1900 4389 1986 4454 caelo
2062 4391 2104 4452 ait
2189 4390 2190 4393 ’

193 4535 217 4584 1ο
234 4535 399 4595 gabrohmado
537 4534 587 4585 ’διο
620 4538 719 4598 rnerigo
782 4527 894 4598 leubae
959 4536 1046 4585 botuth
1086 4534 1124 4584 ’ea
1166 4534 1224 4584 utne
1257 4547 1290 4584 ne
1329 4540 1356 4584 to
1420 4536 1558 4587 doemonas
1619 4539 1649 4586 ah
1698 4543 1724 4589 to
1795 4541 1916 4591 hactenus
1996 4540 2100 4591 aedom

214 4612 379 4677 clarificaui
428 4624 498 4701 post
525 4616 602 4680 haec
621 4614 720 4677 multa
738 4614 935 4702 prosequitur
962 4613 1043 4677 inter
1063 4633 1143 4698 quae
1174 4632 1208 4676 se
1238 4633 1301 4676 non
1323 4612 1581 4680 adiudicandum
1609 4617 1663 4682 sed
1691 4617 1731 4682 ad
1760 4619 1945 4685 saluandum
1971 4619 2122 4683 mundum

193 4778 311 4828 merome
346 4764 528 4827 guaymario
743 4778 797 4816 oras
847 4768 911 4816 from
946 4767 1023 4814 terma
1075 4769 1128 4815 toat
1178 4765 1281 4828 goboch
1325 4765 1389 4817 ’tara
1407 4766 1502 4829 tergm
1587 4770 1674 4819 hirene
1754 4771 1853 4832 guaddo
1881 4771 1940 4820 hino
1969 4768 2044 4819 cuae
2071 4768 2123 4846 ‘pto

193 4844 313 4910 uenisse
369 4852 500 4909 testatur
559 4866 677 4910 xxxrrr.
693 4842 834 4932 Surgens
875 4867 894 4907 a
941 4865 1018 4908 cena
1046 4843 1141 4930 pedes
1186 4842 1262 4907 lauit
1291 4844 1513 4932 discipulorum
1533 4848 1712 4936 exemplum
1731 4848 1852 4915 dedisse
1883 4869 1917 4914 se
1948 4847 2053 4915 diceus
2078 4859 2113 4914 ut
2144 4852 2186 4930 20

202 5001 243 5049 hta
278 4945 333 5049 stab
351 4998 438 5062 ’domu
486 4995 556 5046 doeh
596 4995 673 5046 tnta
730 4996 805 5059 altera
861 4987 931 5045 drlhi
961 4994 1129 5072 §geworhte
1180 4996 1297 5048 sohrdcn
1526 5014 1558 5050 no
1599 5016 1657 5051 uera
1715 5013 1774 5050 osne
1871 5013 1939 5049 marr
2007 5001 2117 5052 hlalcrde

194 5077 252 5164 ipsi
277 5077 434 5143 conseruis
455 5076 569 5140 saemnt
589 5075 831 5160 quodomnium
852 5073 926 5140 dms
988 5077 1097 5141 iecisse
1147 5077 1329 5163 probarunt.
1348 5099 1480 5144 xxxrrrr.
1501 5078 1574 5144 Non
1597 5101 1664 5146 esse
1684 5102 1809 5146 seruum
1845 5080 1964 5144 maiore
1995 5080 2121 5146 domino

236 5264 261 5312 8.
279 5264 340 5311 odro
358 5263 409 5314 18.
444 5267 467 5313 b.
485 5264 624 5313 mcxiotrts
643 5261 694 5313 118.
729 5268 753 5314 9.
771 5265 871 5326 halgum
889 5263 940 5314 118.
976 5268 1015 5315 11.
1034 5265 1050 5313 1
1066 5263 1139 5314 solut.
1177 5266 1251 5314 tel.
1270 5266 1443 5316 adcucurrit
1462 5269 1587 5317 humanu.
1623 5271 1663 5317 18.
1683 5267 1823 5316 clarttlrarl.
1858 5270 1898 5316 11.
1919 5268 1934 5316 1.
1954 5268 2130 5332 ornatorum.
