4748 6098
1060 378 1308 454 ..39-

188 607 220 642 on
237 593 249 640 t
268 593 320 641 ofer
361 589 454 638 bolstro
530 586 648 649 slepands
707 582 723 644 Ἰ
779 584 892 632 5505150
943 582 1001 630 bino
1043 578 1060 639 Ἰ
1098 581 1201 630 credun
1234 585 1260 628 10
1279 580 1329 627 him
1394 578 1469 625 larow
1538 589 1569 623 no
1609 581 1635 624 to
1672 573 1707 623 ’bc
1742 573 1850 635 gibyroo
1885 572 1978 623 105500
2014 572 2068 623 'bat
2085 586 2121 620 wo

204 690 298 758 super
339 665 473 732 ceruical
510 664 664 729 dormiens
698 670 729 726 et
766 662 901 727 excitant
935 680 1006 725 eum
1034 668 1065 722 ct
1097 658 1202 722 dicunt
1260 658 1306 720 illi
1346 656 1493 741 magister
1514 676 1577 718 non
1599 653 1639 717 ad
1668 662 1699 717 te
1727 653 1860 739 pertinet
1891 652 1963 737 quia

188 808 266 856 10515
283 807 294 855 1
311 819 343 854 no
361 818 428 853 reoes
441 802 480 852 ’tu
493 802 544 851 'oab
559 815 595 851 ve
609 800 734 849 15510515
868 794 884 856 Ἰ
958 796 1071 844 55150010
1149 794 1314 844 ’6551101051
1367 807 1421 842 was
1460 790 1556 839 windes
1590 787 1607 848 Ἰ
1645 787 1724 838 cumb
1758 793 1785 836 10
1806 788 1922 837 ’655155
1957 791 2034 850 surgo
2073 802 2122 836 vos

404 879 562 968 perimus?
779 878 829 942 39.
851 875 893 939 Et
924 894 1095 960 exsurgens
1126 872 1328 936 comminatus
1365 880 1411 934 est
1458 878 1550 934 uento
1581 877 1611 932 et
1639 867 1716 931 dixit
1798 869 1875 930 mari
1955 877 2038 932 tace·
2066 868 2119 932 05

218 1022 308 1069 dumba
376 1016 392 1078 Ἰ
437 1017 597 1065 5155150510
632 1015 666 1065 ’oa
685 1014 765 1064 wind.
793 1011 810 1074 Ἰ
847 1013 972 1074 gtwordcn
1008 1024 1063 1059 was
1127 1010 1263 1059 smtltnissa
1341 1007 1428 1056 micelo
1608 1001 1624 1063 Ἰ
1668 1004 1746 1054 cwe'b
1782 1003 1879 1054 tobim
1913 1005 1985 1052 bwaet
2036 1005 2116 1053 rorbts

188 1099 336 1163 mutescel
365 1105 396 1161 et
458 1094 588 1160 cessauit
635 1104 745 1158 uentus
785 1101 815 1156 et
869 1092 948 1155 facta
1016 1097 1060 1153 est
1093 1087 1297 1173 tranquillitas
1327 1105 1450 1170 magna.
1511 1083 1561 1146 40.
1593 1080 1636 1145 Et
1689 1083 1731 1145 ait
1799 1081 1860 1145 illis
1908 1082 1982 1167 quid
2022 1081 2119 1146 timidi

187 1248 246 1283 aron
264 1246 294 1293 go
335 1247 366 1282 ns
384 1238 435 1293 gott
474 1231 565 1281 habbas
583 1244 613 1292 ga
647 1231 738 1291 giloofa
786 1226 802 1288 Ἰ
840 1226 997 1276 ondraordun
1032 1224 1088 1274 mi'o
1107 1225 1205 1273 micclra
1239 1223 1320 1284 ryrbro
1360 1218 1376 1280 Ἰ
1429 1215 1531 1267 cwodnn
1566 1219 1669 1267 bitwion
1755 1221 1807 1267 him
1902 1219 1956 1266 bus
1993 1225 2118 1267 coenastu

188 1311 283 1377 estis?
318 1311 450 1376 necdum
482 1309 601 1374 habetis
632 1307 750 1372 fidem?
777 1317 808 1372 et
838 1307 1005 1370 timuerunt
1065 1301 1181 1391 magno
1223 1303 1332 1366 timore
1356 1312 1386 1366 et
1407 1300 1549 1366 dicebant
1599 1296 1639 1360 ad
1692 1296 1873 1361 alterutrum
1895 1298 1963 1383 quis
2015 1307 2102 1384 putas

205 1451 227 1498 15
262 1449 311 1499 ’bas
345 1447 440 1498 sor’oon
479 1443 495 1505 Ἰ
547 1446 615 1494 wind
664 1441 680 1503 Ἰ
736 1458 768 1492 sa
820 1441 899 1492 bera'o
916 1442 928 1489 i
947 1440 1074 1490 admoda’o
1109 1442 1161 1489 him

189 1537 234 1592 est
254 1529 311 1593 istc
354 1527 425 1613 quia
470 1534 500 1590 et
521 1535 631 1590 uentus
653 1533 683 1588 ct
704 1544 790 1587 mare
872 1522 1020 1586 obediunt
1112 1519 1163 1584 ci?
2164 1515 2185 1576 5

538 1658 554 1720 Ἰ
620 1673 709 1709 conrun
787 1646 816 1706 of
861 1657 932 1704 awira
950 1656 962 1703 1
980 1657 1031 1704 ofer
1049 1655 1091 1704 lnb
1126 1669 1182 1705 was
1195 1658 1221 1705 in
1297 1656 1356 1705 lond
1450 1666 1636 1715 gerasenorum
1776 1648 1792 1710 Ἰ
1829 1619 1999 1712 nii’t’oyooda
2033 1651 2124 1699 tobim

315 1741 391 1828 Cap.
413 1741 454 1805 V.
475 1744 503 1804 1.
525 1739 567 1804 Et
585 1747 739 1804 uenerunt
759 1746 844 1799 trans
864 1735 979 1799 fretum
999 1735 1092 1798 maris
1165 1735 1197 1798 in
1246 1735 1406 1821 regionem
1430 1731 1671 1798 Gerasenorum.
1718 1731 1747 1793 2.
1763 1728 1805 1793 Et
1848 1730 1972 1794 exeunti
2076 1729 2103 1793 ei

199 1882 226 1929 01
258 1881 325 1942 salpe
462 1882 585 1939 togagnes
602 1891 645 1925 arn
663 1876 714 1924 him
749 1875 777 1922 01
809 1874 962 1933 byrgannum
979 1871 1034 1919 101
1050 1872 1160 1920 bendum
1200 1884 1278 1919 monn
1313 1873 1339 1918 in
1392 1874 1459 1931 gasto
1511 1869 1652 1916 uncianum
1777 1866 1840 1916 so’os
1874 1866 1921 1915 bns
1935 1867 1947 1914 1
1960 1868 2051 1927 byinga
2064 1867 2126 1928 lytte

192 1959 231 2023 de
252 1957 325 2021 naui
346 1956 448 2019 statim
532 1955 666 2019 occurrit
749 1952 789 2016 de
891 1948 1096 2014 monumentis
1190 1949 1283 2013 homo
1309 1949 1341 2012 in
1370 1946 1479 2034 spiritu
1499 1944 1658 2010 immundo
1726 1946 1755 2009 3.
1778 1945 1831 2030 qui
1905 1945 2094 2009 domicilium

223 2094 301 2143 barda
354 2096 379 2142 ln
433 2094 586 2152 byrgennum
636 2087 652 2149 Ἰ
709 2103 740 2136 na
808 2090 939 2148 recantegu
973 2087 1045 2135 hwile
1080 2086 1143 2145 anig
1161 2099 1219 2135 mon
1259 2087 1317 2133 bins
1356 2085 1444 2132 maebto
1492 2081 1597 2144 gibinds
1742 2083 1835 2132 forbon
1887 2085 1966 2131 ottust
2000 2081 2126 2130 1511100-

190 2172 325 2237 habebat
349 2170 381 2232 in
402 2169 609 2234 monumentis
631 2177 661 2232 et
680 2187 782 2252 neque
821 2166 935 2229 catenis
984 2163 1046 2227 iam
1074 2165 1236 2249 quisquam
1255 2185 1325 2227 eum
1344 2171 1465 2249 poterat
1492 2161 1591 2248 ligare
1655 2163 1685 2224 4.
1715 2162 1859 2246 quoniam
1881 2183 1973 2249 saepe
2005 2182 2125 2248 compe

189 2312 273 2355 turum
307 2303 323 2365 Ἰ
360 2305 417 2355 mi'o
435 2311 594 2366 racontagum
628 2303 755 2366 gibnnden
773 2315 828 2350 wios
891 2301 968 2349 toslat
1037 2299 1219 2361 ’65150051ομ
1253 2297 1269 2358 Ἰ
1308 2299 1456 2348 ’6510011150
1490 2301 1593 2348 forbreo
1610 2299 1622 2345 t
1640 2298 1764 2347 10505010
1809 2296 1824 2357 Ἰ
1880 2299 1961 2359 naeoig
2030 2299 2117 2346 mahts

191 2385 280 2451 dibus
302 2396 332 2449 et
423 2385 536 2448 catenis
671 2381 793 2442 uinctus
847 2379 1011 2465 dirupisset
1069 2389 1192 2441 catenas
1250 2387 1281 2442 et
1305 2377 1469 2464 compedes
1518 2378 1748 2442 comminuisset
1805 2389 1836 2440 et
1874 2399 1965 2441 nemo
2008 2385 2127 2462 poterat

190 2521 247 2569 bino
283 2525 373 2568 tamma
390 2518 403 2565 1
422 2517 522 2577 gibaldi
641 2514 657 2575 Ἰ
711 2513 790 2574 symls
842 2526 873 2561 on
891 2513 958 2561 01051
991 2512 1008 2573 Ἰ
1045 2527 1078 2562 on
1096 2514 1163 2575 dago
1197 2515 1225 2562 in
1277 2515 1419 2576 bygannum
1502 2512 1518 2573 Ἰ
1562 2527 1594 2563 on
1647 2528 1745 2563 morum
1820 2528 1875 2563 was
1922 2513 2052 2577 elioponda
2100 2510 2116 2572 Ἰ

192 2618 262 2661 eum
339 2596 474 2660 domare.
574 2595 605 2658 5.
625 2592 668 2656 Et
688 2612 812 2679 semper
871 2590 921 2656 die
981 2614 1017 2656 ac
1058 2602 1149 2657 nocte
1195 2592 1228 2655 in
1259 2593 1465 2656 monumentis
1501 2603 1532 2657 et
1562 2593 1595 2656 in
1627 2594 1783 2658 montibus
1819 2603 1886 2657 crat
1921 2594 2056 2656 clamans
2097 2602 2127 2657 et
2148 2593 2187 2657 10

208 2729 340 2780 1511510510
375 2732 433 2779 bina
469 2744 501 2778 on
520 2735 619 2778 stonum
738 2728 813 2791 glaub
857 2728 956 2777 wutudt
991 2728 1060 2778 'bono
1079 2729 1126 2777 551
1305 2736 1331 2778 10
1349 2731 1419 2790 giam
1462 2726 1478 2788 Ἰ
1516 2736 1542 2779 10
1560 2730 1698 2779 wor'oonno
1733 2729 1792 2776 bino
1924 2726 1940 2788 Ἰ
1997 2728 2111 2791 oliopado

191 2809 355 2874 concidens
387 2829 420 2871 se
457 2807 619 2894 lapidibus.
662 2807 691 2871 6.
713 2805 833 2873 Uidcns
855 2817 956 2872 autem
998 2807 1103 2872 Iesum
1145 2807 1280 2894 alonge
1301 2809 1436 2872 cucurrit
1459 2818 1489 2873 ct
1544 2808 1686 2874 adorauit
1727 2828 1807 2870 eum.
1858 2808 1886 2870 7.
1915 2807 1957 2871 Et
1990 2807 2126 2870 clamans

190 2949 269 2996 sterno
304 2945 402 3004 micelro
438 2943 517 2994 cwa'o
556 2944 650 3006 bwae[t]
685 2957 725 2992 mc
776 2944 792 3004 Ἰ
830 2944 865 2995 ba
901 2943 1008 2995 110551
1042 2960 1107 2995 sunu
1143 2947 1218 3008 godes
1254 2945 1302 2996 ’bos
1320 2948 1389 2995 50515
1432 2945 1455 2994 10
1472 2945 1568 3006 balsigo
1605 2944 1654 2994 ’boo
1689 2944 1753 2994 ’barb
1811 2944 1860 3004 god
1913 2959 1944 2992 nc
1979 2958 2033 2993 meo
2075 2957 2108 2992 na

189 3026 280 3090 uoce'
294 3046 407 3112 magna
434 3023 513 3087 dixit
561 3023 636 3109 quid
670 3021 747 3086 mihi
769 3032 799 3086 et
818 3023 874 3088 tibi
917 3023 989 3088 Iesu
1051 3024 1096 3087 fili
1151 3024 1213 3089 Dei
1241 3024 1406 3088 altissimi?
1448 3024 1557 3089 adiuro
1618 3034 1649 3089 ta
1697 3045 1754 3110 per
1785 3023 1889 3088 Deum
1910 3045 1949 3088 ne
1978 3044 2029 3088 me
2063 3033 2126 3089 tor·

191 3175 282 3210 wrccoo
420 3159 498 3208 cwae’o
551 3159 644 3209 lor’oon
680 3159 775 3208 tobim
809 3174 856 3221 goa
915 3166 969 3220 gast
1051 3161 1161 3210 anciano
1213 3165 1277 3212 from
1312 3162 1379 3213 bam
1399 3176 1472 3210 monn
1592 3159 1608 3221 Ἰ
1697 3163 1799 3224 gifragn
1885 3162 1942 3210 bino
1977 3161 2048 3209 bwat
2089 3159 2125 3210 ’oa

191 3261 294 3324 queas.
337 3238 366 3302 8.
388 3238 522 3303 Dicebat
552 3239 634 3301 enim
704 3237 749 3299 illi
808 3237 858 3299 exi
881 3237 1004 3321 spiritus
1024 3238 1182 3303 immunde
1231 3241 1270 3303 ab
1329 3240 1463 3306 homine.
1528 3241 1556 3305 9.
1578 3240 1620 3304 Et
1640 3240 1852 3327 interrogabat
1878 3262 1948 3305 cum
1968 3240 2053 3326 quod
2073 3239 2127 3305 tibi

208 3389 281 3425 noma
340 3376 363 3423 15
441 3372 457 3433 Ἰ
503 3373 581 3422 cwae'b
616 3379 642 3421 10
661 3372 689 3419 51
727 3372 784 3420 baro
849 3384 924 3418 nomo
989 3387 1028 3420 ms
1088 3376 1110 3422 is
1149 3374 1243 3424 for’oon
1284 3381 1382 3438 manige
1417 3392 1453 3425 wo
1472 3375 1597 3434 sindun')
1735 3374 1751 3436 Ἰ
1810 3376 1935 3424 51110010
1954 3390 2009 3424 was
2063 3379 2121 3425 hino

190 3475 304 3519 nomen
325 3451 393 3517 est?
435 3462 465 3516 et
501 3450 575 3515 dicit
633 3450 661 3514 ei
712 3449 795 3536 logio
827 3469 941 3512 nomeu
971 3449 1048 3513 mihi
1081 3461 1127 3515 est
1165 3453 1236 3538 quia
1288 3455 1378 3518 multi
1436 3477 1550 3519 sumus.
1645 3457 1693 3518 10.
1722 3454 1764 3518 Et
1797 3455 2019 3541 deprecabatur
2053 3475 2124 3518 cum

214 3594 286 3653 longo
339 3588 406 3638 ’bats
417 3585 470 3649 (ato)
482 3587 512 3636 50
547 3587 605 3635 bino
666 3583 767 3634 lordrise
822 3587 895 3634 butta
947 3585 1075 3634 ’65111051
1222 3602 1278 3638 was
1313 3591 1445 3639 wutudlico
1480 3589 1529 3640 'bor
1563 3591 1620 3651 ymb
1656 3589 1725 3639 'oona
1742 3604 1796 3638 mor
1830 3604 1896 3640 worn
1931 3593 2004 3653 borgu
2019 3593 2031 3639 t
2048 3592 2126 3641 swina

190 3671 322 3734 multum
404 3686 445 3729 ne
559 3686 593 3729 sc
624 3663 793 3751 expelleret
813 3676 901 3729 extra
928 3665 1096 3750 regionem.
1141 3667 1193 3729 11.Ι
1211 3665 1289 3731 Erat
1330 3679 1432 3733 autem
1480 3669 1522 3732 ibi
1553 3669 1634 3732 circa
1656 3678 1791 3733 montem
1822 3692 1902 3756 grex
1944 3693 2109 3757 porcorum
2146 3672 2185 3737 15

206 3805 305 3854 micelrs
360 3802 484 3852 foedando
620 3800 636 3861 Ἰ
758 3801 842 3849 bedun
945 3802 1003 3850 hlno
1056 3808 1137 3863 gustas
1189 3804 1326 3855 cwe’oondo
1378 3807 1441 3854 send
1484 3808 1539 3855 usilr
1585 3810 1611 3855 in
1648 3806 1684 3856 ’oa
1701 3808 1787 3867 bergas
1821 3806 1904 3883 ’1550
1945 3809 1973 3856 iu
2008 3809 2049 3856 bia
2082 3812 2122 3858 in·

190 3906 320 3971 magnus
352 3902 492 3968 pascens.
537 3880 585 3943 12.
607 3878 650 3944 Et
671 3879 914 3966 deprecabantur
935 3901 1007 3945 eum
1032 3881 1155 3969 spiritus
1184 3883 1319 3949 dicentes
1361 3887 1447 3951 mitte
1473 3909 1530 3951 nos
1575 3887 1607 3950 in
1656 3909 1767 3973 porcos
1846 3896 1880 3951 ut
1937 3887 1969 3949 in
1998 3909 2050 3951 eos
2077 3887 2122 3950 in·

190 4034 268 4082 gango
286 4020 298 4067 1
315 4021 379 4079 iuga
536 4013 552 4074 Ἰ
625 4015 717 4075 3110110
767 4016 818 4063 bun
867 4031 928 4065 sons
982 4016 1017 4066 'oo
1033 4018 1081 4064 bal
1123 4016 1139 4078 Ἰ
1183 4018 1280 4082 mrooy
1297 4023 1403 4072 ferendo
1421 4036 1505 4072 werun
1560 4027 1642 4079 555155
1711 4022 1821 4071 0001500
1913 4021 2024 4071 inoodun
2094 4024 2122 4074 in

189 4109 352 4163 trocamus.
438 4096 486 4159 13.
520 4093 561 4158 Et
592 4093 741 4159 concessit
769 4094 812 4158 sis
843 4096 944 4159 statim
982 4094 1078 4160 Iesus.
1114 4107 1144 4160 et
1266 4112 1413 4168 exeuntes
1537 4102 1660 4188 spiritus
1686 4102 1837 4166 immundi
1869 4101 2055 4167 introicrunt
2088 4104 2121 4169 in

190 4233 226 4284 ’oa
244 4237 329 4295 bargas
363 4230 379 4292 Ἰ
434 4233 506 4280 micio
559 4244 618 4279 raso
635 4231 647 4278 1
665 4244 779 4293 ongongc
823 4243 892 4279 worn
977 4231 1084 4280 todrilan
1154 4248 1210 4282 was
1245 4251 1278 4285 on
1322 4250 1355 4284 sa
1406 4243 1432 4284 to
1467 4242 1547 4285 tuam
1583 4238 1726 4287 ’busondum
1761 4236 1777 4297 Ἰ
1814 4239 1930 4288 51105010
1965 4254 2055 4288 carun
2090 4256 2123 4291 on

202 4334 313 4399 porcos
361 4320 391 4375 et
412 4331 526 4395 magno
608 4309 723 4395 impetu
812 4331 893 4396 grex
913 4311 1128 4406 praecipitatus
1161 4323 1207 4377 est
1239 4315 1269 4376 in
1291 4336 1378 4379 mare
1397 4316 1437 4379 ad
1474 4315 1535 4382 duo
1609 4318 1693 4380 milia
1752 4328 1782 4383 ct
1802 4319 1942 4384 suffocati
1973 4331 2045 4385 sunt
2085 4322 2119 4385 in

212 4463 246 4497 aa
396 4446 459 4495 so’oc
494 4443 592 4492 wutudi
648 4443 737 4492 100110
797 4445 844 4493 bis
885 4441 1000 4508 gissugirn
1041 4445 1057 4507 Ἰ
1150 4450 1251 4510 sagdun
1329 4454 1355 4500 ln
1392 4451 1546 4501 ’6550155115
1581 4451 1597 4513 Ἰ
1636 4468 1668 4504 on
1703 4457 1807 4505 landum
1840 4454 1856 4516 Ἰ
1894 4459 2002 4506 latendo
2037 4471 2120 4506 werun

189 4527 275 4591 mari.
320 4528 368 4590 14.
393 4524 456 4602 Qui
488 4533 590 4587 autem
608 4522 775 4606 pascebant
795 4545 848 4591 eos
870 4527 1016 4615 fugerunt
1034 4537 1065 4592 et
1083 4529 1308 4593 nunciaucrunt
1327 4531 1360 4595 in
1391 4532 1544 4597 ciuitatem
1573 4541 1603 4597 et
1631 4534 1663 4597 in
1698 4557 1799 4621 agros.
1837 4547 1866 4600 et
1892 4538 2009 4622 egressi
2043 4545 2115 4599 sunt

187 4670 213 4712 10
232 4676 323 4711 scanne
358 4661 429 4709 hwaet
464 4676 526 4710 wara
560 4660 615 4711 ’655
632 4661 738 4710 werobas
882 4661 898 4722 Ἰ
972 4678 1062 4713 oomun
1113 4671 1140 4713 10
1176 4665 1242 4714 ’orem
1263 4665 1312 4713 brot
1346 4664 1362 4726 Ἰ
1411 4668 1516 4728 gisogun
1550 4671 1609 4719 bino
1626 4672 1638 4719 1
1656 4671 1722 4722 ’sano
1756 4671 1819 4721 saba
1854 4674 1917 4720 from
1978 4671 2098 4719 diowlum

198 4741 305 4806 uidere
354 4740 428 4825 quid
456 4750 535 4804 essct
586 4741 711 4805 factum.
786 4743 834 4805 15.
867 4741 908 4805 Ε1
946 4744 1073 4806 ueniunt
1110 4743 1150 4808 ad
1191 4742 1296 4808 Iesum
1338 4754 1370 4809 et
1409 4746 1517 4811 uident
1589 4750 1679 4814 illum
1759 4751 1812 4837 qui
1875 4773 1893 4812 a
1956 4751 2118 4816 daemonio
2139 4753 2181 4818 20

187 4877 286 4939 gibcrcd
307 4891 361 4926 was
413 4877 521 4924 sittonda
586 4877 720 4937 gidansad
778 4874 794 4936 Ἰ
844 4877 911 4925 55105
954 4878 1074 4940 31505155
1108 4878 1124 4940 Ἰ
1180 4881 1338 4931 ondroordun
1498 4880 1514 4942 Ἰ
1604 4887 1706 4947 sagdun
1785 4886 1851 4936 bam
1886 4883 1959 4935 'onos
2000 4887 2103 4948 gisegun

188 4958 358 5021 uexabatur
389 4954 547 5018 sedentem
582 4958 726 5018 uestitum
769 4965 800 5019 et
829 4978 922 5022 sanae
957 4959 1067 5022 mentis
1102 4970 1132 5025 et
1176 4962 1352 5024 timuerunt.
1408 4961 1456 5026 16.
1486 4962 1528 5027 Ε1
1549 4974 1757 5029 narrauerunt
1787 4965 1847 5028 illis
1893 4966 1947 5049 qui
1978 4965 2119 5030 uiderant

213 5094 289 5143 buslo
339 5093 463 5156 giwordon
499 5105 562 5140 ware
647 5092 746 5152 Jso'oc
827 5093 917 5143 diovol
1029 5096 1108 5145 510110
1183 5096 1199 5158 Ἰ
1246 5099 1273 5147 01
1311 5100 1413 5160 bargum
1569 5095 1586 5158 Ἰ
1661 5102 1737 5150 51115
1787 5103 1846 5149 hina
1899 5115 2034 5163 ongunnon
2068 5102 2120 5178 ‘fao

188 5172 319 5257 qualiter
346 5174 459 5237 factum
489 5181 570 5237 esset
590 5171 618 5234 ei
670 5173 723 5258 qui
765 5172 961 5238 daemonium
996 5175 1146 5243 habuerat
1178 5188 1209 5243 et
1240 5178 1280 5244 de
1310 5176 1422 5267 porois.
1479 5180 1526 5244 17.
1560 5178 1602 5244 Et
1641 5200 1754 5265 rogare
1787 5201 1857 5244 cum
1890 5192 2057 5268 coeperunt
2077 5191 2111 5247 ut

232 5308 255 5369 ·)
274 5315 301 5359 tn
318 5326 396 5374 morq.
431 5311 457 5388 p
475 5314 498 5361 15
517 5313 617 5363 ’655001
634 5315 646 5362 1
666 5316 731 5364 1111·
750 5315 894 5394 ’60550111
913 5319 935 5368 is
952 5319 1033 5381 logio·
1055 5320 1170 5371 ’615555
1189 5321 1278 5374 diovis
1295 5323 1370 5387 legio.
