4748 6098
1024 354 1274 430 ..11-

160 556 273 607 sutndrto
332 564 358 605 ιο
377 559 500 605 οο1οοοοο
560 552 577 614 Ἰ
615 554 651 606 ’ta
668 554 771 616 syndrto
828 543 938 614 {mss
1040 558 1067 603 ιο
1085 543 1197 603 ilmnno
1426 561 1453 603 to
1524 553 1620 616 symble
1671 551 1797 603 btddsnno
1874 550 1992 612 goddung
2046 550 2083 596 tro

146 636 287 722 singulos
314 635 516 702 assumendos
550 643 581 698 et
617 633 758 719 singulos
790 632 970 719 pronuntiat
1000 632 1231 718 relinquendos.
1302 656 1375 697 cxx.
1408 632 1463 697 Ad
1495 652 1617 719 semper
1653 630 1804 696 orandum
1834 629 2015 717 parabolam
2043 628 2082 692 de

146 770 231 820 vidua
269 764 366 820 ιοιιοέδ
424 783 502 817 wraeo
558 771 595 817 tre
631 768 788 818 witer-narde
820 743 867 817 ¹his
902 770 939 816 tre
973 769 1107 819 nnrobtwis
1143 768 1229 818 doemc
1281 770 1420 832 gtwigsnds
1632 770 1660 816 of
1675 767 1752 829 gcbad
1816 767 1869 816 'tas
1887 767 1989 814 elsinas
2050 778 2082 813 on

147 851 242 915 uidua
278 849 365 936 ponit
387 848 534 912 ultionem
556 847 595 912 de
623 846 801 911 aduersario
824 869 881 911 suo
901 846 941 910 ab
987 846 1094 930 iniquo
1134 846 1235 912 iudice
1263 849 1446 934 postulante.
1500 870 1586 911 nxxr.
1608 844 1759 911 Oratione
1820 844 1972 932 pharisaei
2048 844 2080 906 in

166 987 256 1049 templa
295 984 311 1043 Ἰ
353 986 494 1046 barsynnig
539 973 563 1033 ie
580 988 686 1045 gesotmt
724 981 802 1032 lsra’e
846 997 877 1032 ns
912 989 937 1030 to
955 994 1089 1044 worpsnno
1125 983 1161 1032 'ta
1177 983 1262 1032 morde
1300 984 1331 1032 ah
1366 989 1392 1033 ιο
1411 982 1552 1032 ondotenda
1605 993 1685 1042 synno
1885 981 1922 1031 'ta
1938 981 2000 1043 lytlo
2044 982 2080 1028 tre

148 1063 262 1150 templo
290 1074 320 1128 et
346 1063 502 1151 publicani
531 1062 688 1149 proposita
715 1061 806 1125 docet
827 1078 890 1124 non
924 1059 1066 1124 iactanda
1134 1061 1243 1126 merita
1287 1061 1342 1126 sed
1375 1061 1550 1127 confitenda
1570 1069 1703 1148 peccata.
1746 1083 1845 1125 sxxn.
1869 1060 2022 1125 Paruulos
2051 1082 2070 1122 a

147 1200 175 1249 ht
206 1200 335 1249 htaadrita
406 1188 494 1248 {abead
586 1197 735 1247 e'tmodnise
777 1195 855 1244 under
889 1196 959 1244 hiera
1025 1210 1099 1244 noma
1170 1198 1271 1248 mercae
1332 1204 1358 1247 ιο
1378 1197 1501 1248 haldenne
1740 1197 1845 1258 getragn
1915 1195 2081 1256 eoneweligo

146 1299 180 1343 se
217 1278 316 1342 uetari
356 1279 526 1366 prohibens
554 1276 758 1341 humilitatem
785 1275 842 1339 sub
870 1295 978 1338 eorum
1001 1275 1126 1340 nomine
1148 1276 1301 1362 significat
1323 1277 1531 1362 optinendam.
1559 1299 1673 1339 anxur.
1691 1274 1895 1360 Interrogana
1965 1274 2052 1338 diues

147 1417 183 1463 tro
239 1420 266 1462 to
284 1417 383 1475 byonna
460 1415 492 1461 lit
586 1412 627 1460 ece
696 1410 746 1460 ’tin
763 1403 837 1459 artu
911 1424 1017 1460 onsnare
1102 1409 1181 1460 nnrbd
1238 1415 1335 1473 gaesart
1382 1409 1398 1471 Ἰ
1512 1402 1590 1461 iletre
1766 1400 1790 1459 io
1886 1424 1959 1459 noma
2029 1412 2067 1459 his

147 1493 186 1557 de
217 1493 403 1580 possidenda
441 1492 502 1555 uita
541 1500 667 1556 aeterna
696 1488 832 1553 secunda
865 1489 1066 1576 responsione
1094 1488 1187 1552 tristis
1216 1490 1347 1555 abscidit
1374 1501 1405 1557 et
1432 1490 1676 1576 relinquentibus
1703 1499 1831 1577 propter
1858 1511 1972 1554 nomen
1988 1512 2079 1554 suum
2121 1492 2141 1554 5

214 1629 276 1690 lytlo
346 1629 402 1678 dnn
472 1627 513 1676 ece
626 1628 684 1675 heht
920 1627 1006 1688 gesald
1021 1627 1052 1674 ba
1070 1639 1148 1674 waere
1184 1631 1211 1675 to
1298 1619 1415 1675 hierusat‘
1475 1623 1590 1686 Ἰποοτο
1607 1625 1774 1688 goerowcnde
1823 1615 1933 1676 iecncs'd

145 1706 327 1793 temporalia
348 1708 406 1771 dns
427 1715 553 1772 aeterna
572 1706 730 1794 promittit.
771 1728 898 1769 nxxrrn.
939 1704 1142 1768 Tradendum
1182 1725 1216 1769 se
1237 1703 1452 1769 Hierosolimis
1515 1725 1739 1792 passurumque
1796 1704 1953 1790 praedicit
1986 1729 2079 1770 cxxv.

181 1850 213 1892 at
319 1846 360 1892 hro
428 1843 515 1893 bllnde
558 1843 680 1893 tonando
758 1843 809 1890 lsht
858 1855 890 1890 on
925 1839 1068 1889 onducardo
1110 1843 1207 1888 ottaette
1441 1840 1566 1890 ’cerheoda
1692 1842 1733 1888 hta
2009 1842 2077 1892 tona

146 1920 238 1985 quta
258 1921 408 1986 Hiericho
431 1944 503 1987 ceco
524 1921 709 2002 mendicanti
730 1921 835 1985 lumen
857 1918 889 1983 in
917 1919 1071 2005 praesenti
1091 1915 1230 1982 restituit
1268 1941 1375 1983 cxxvr.
1395 1918 1618 1983 Perambulans
1646 1919 1795 1984 Hiericho
1814 1918 1988 1983 Zaccheum
2015 1942 2069 2006 pn-

146 2057 291 2106 aldormono
342 2060 444 2107 nnband
479 2058 541 2107 sebo
576 2072 649 2107 enom
706 2057 747 2105 hal
834 2056 912 2117 gedec
954 2053 1007 2131 ΙῙ5ιο
1075 2054 1160 2103 losada
1425 2056 1516 2117 bispcll
1592 2059 1655 2102 cette
1725 2053 1808 2114 ’tegna

147 2135 303 2200 blicanum
330 2137 464 2202 absoluit
484 2137 537 2222 qui
569 2137 654 2201 uenit
673 2135 793 2199 saluum
815 2135 918 2199 faeere
938 2132 1023 2219 quod
1044 2132 1187 2219 perierat.
1230 2155 1350 2197 cxxvn.
1372 2131 1558 2197 Parabolam
1580 2132 1668 2219 ponit
1686 2153 1848 2197 seruorum
1868 2132 2079 2219 recipientium

146 2273 181 2320 tro
228 2272 337 2321 blitardo
399 2274 438 2322 his
499 2274 528 2321 ot
695 2269 747 2347 'pto
816 2272 857 2319 hta
873 2269 978 2330 gebobte
1052 2270 1102 2333 tro
1131 2268 1184 2316 htm
1223 2264 1240 2326 Ἰ
1308 2269 1406 2317 nonnas
1470 2271 1531 2318 tices
1577 2270 1617 2318 bis
1685 2257 1794 2327 insega't
1882 2266 1945 2316 'terh
1962 2270 2072 2329 gelicido

154 2372 173 2413 a
216 2349 343 2415 domino
388 2373 445 2416 suo
494 2351 659 2415 decemnas
706 2359 740 2414 ut
777 2347 1012 2435 negotiarentur
1051 2368 1089 2411 ex
1140 2350 1183 2412 eis
1221 2358 1252 2412 et
1291 2348 1431 2412 inimicos
1459 2349 1549 2435 regni
1576 2348 1624 2411 sni
1656 2346 1835 2435 pronuntiat
1873 2347 2077 2432 perimendos.

353 2475 381 2534 oi
463 2487 513 2534 tola
582 2487 660 2534 reales
709 2490 765 2533 cett
833 2484 884 2532 allo
936 2482 1113 2532 crescendum
1148 2484 1202 2530 sibb
1230 2496 1263 2533 on
1289 2485 1378 2533 hcolne
1406 2480 1422 2543 Ἰ
1464 2486 1533 2546 geras
1568 2498 1601 2532 on
1636 2484 1740 2533 heanisd
1783 2480 1799 2541 Ἰ
1837 2487 1864 2531 ot
1940 2482 2031 2531 bretti]

147 2586 280 2628 cxxvrn.
303 2560 407 2651 Super
426 2563 547 2651 pullum
568 2563 673 2627 asinae
693 2560 772 2626 sedit
792 2561 909 2627 eunctis
931 2561 1103 2626 dicentibus
1135 2582 1196 2646 pax
1225 2562 1257 2625 in
1279 2563 1365 2627 caclo
1388 2573 1418 2627 et
1438 2562 1540 2649 gloria
1562 2564 1594 2625 in
1616 2562 1746 2627 excelsis
1769 2571 1799 2626 ct
1821 2562 1860 2626 de
1883 2561 2078 2649 increpandis
2101 2564 2141 2626 10

190 2698 277 2759 tegno
332 2699 372 2747 his
406 2698 489 2747 cuos’d
523 2699 562 2760 git
595 2698 644 2748 ’eas
696 2697 797 2760 sagdon
858 2703 941 2746 οιοοοι
994 2696 1127 2759 eltopsdon
1401 2701 1480 2760 geseh
1515 2698 1552 2748 ’ts
1570 2704 1662 2747 ceastra
1695 2712 1785 2761 gowap
2021 2688 2051 2748 oi

146 2777 301 2862 discipulis
322 2779 385 2840 suis
422 2776 464 2841 ait
526 2778 552 2840 si
598 2777 632 2842 hi
663 2776 815 2842 tacuerint
835 2776 953 2864 lapides
975 2776 1161 2842 clamabunt
1204 2800 1352 2842 cxxvrnr.
1374 2776 1494 2841 Videns
1514 2776 1668 2841 ciuitatem
1699 2777 1786 2841 fleuit
1804 2775 1868 2864 [fol.
1886 2776 1968 2865 135]
1985 2798 2079 2863 snper

161 2914 203 2961 hta
296 2902 402 2974 iescgde
507 2913 631 2963 oraccned
706 2915 733 2962 ot
774 2914 867 2974 temple
907 2913 1064 2974 bebyecondo
1094 2902 1162 2962 turn
1193 2913 1324 2964 u'tnutum
1400 2913 1505 2963 sotandtt
1574 2916 1601 2961 ο1
1650 2915 1714 2962 tolca
1771 2913 1869 2961 lostlicc
1904 2925 1959 2960 was
1973 2910 2078 2972 gehered

145 3012 213 3056 eam
233 2993 453 3079 praenuntians
475 2992 674 3057 euertendam
701 2992 740 3056 de
767 2992 883 3078 templo
903 2991 1073 3056 uendentes
1095 2992 1165 3056 eicit
1204 2993 1313 3057 scribis
1339 2992 1554 3056 insidiantibus
1575 3016 1594 3054 a
1614 2992 1730 3079 populo
1752 2991 1885 3055 libenter
1923 2990 2055 3054 auditur.

297 3128 437 3189 trsgnendc
489 3131 516 3177 ot
571 3129 658 3176 mahte
726 3129 766 3178 his
800 3129 936 3178 hnoorsstce
972 3131 1000 3177 ot
1065 3129 1203 3189 {regnando
1265 3129 1293 3176 ot
1375 3128 1417 3176 tob
1543 3127 1582 3174 rut
1651 3128 1706 3175 osne
1724 3116 1822 3176 ioumcn
1843 3141 1941 3176 noanon

145 3226 240 3268 cxxx.
262 3203 458 3271 Sciscitantes
479 3206 518 3271 de
538 3216 689 3294 potestate
711 3206 775 3272 eius
801 3207 935 3270 uicissim
963 3208 1003 3273 ab
1024 3208 1234 3294 interrogante
1254 3207 1294 3271 de
1315 3205 1465 3270 Iohannis
1486 3205 1637 3292 baptismo
1690 3206 1924 3270 conuincuntnr.
1967 3231 2074 3271 cxxxi.

179 3337 293 3401 geddong
345 3341 428 3390 cuos'o
462 3343 499 3390 tre
559 3340 662 3390 bnondn
720 3341 862 3402 wingssrdu
889 3340 952 3390 se'ts
992 3342 1068 3390 laterd
1109 3344 1148 3392 his
1182 3340 1199 3401 Ἰ
1241 3357 1311 3391 osnes
1354 3338 1370 3399 Ἰ
1417 3356 1482 3391 sunu
1552 3343 1665 3402 otslogcn
1935 3345 2051 3393 costcnde

146 3417 331 3482 Parabolam
353 3418 426 3483 dicit
459 3419 498 3483 de
527 3419 695 3483 cultoribus
731 3419 841 3484 uineae
894 3419 947 3504 qui
968 3420 1085 3484 domini
1106 3421 1153 3484 sui
1174 3430 1205 3486 et
1225 3441 1331 3485 seruos
1351 3430 1381 3484 et
1401 3420 1500 3484 filium
1520 3421 1708 3485 occiderunt.
1751 3443 1872 3483 cxxxn.
1894 3421 2073 3487 Temtantcs

145 3556 172 3603 ot
226 3554 296 3616 gafal
365 3568 465 3604 ossam
505 3562 531 3603 ιο
545 3543 677 3617 igeldanns
706 3559 843 3618 penningcs
896 3557 1029 3617 onwriting
1117 3533 1201 3604 leuem
1644 3559 1682 3604 tro
1727 3558 1795 3605 scota
1844 3556 1953 3605 bro’oero
1995 3558 2060 3605 blare

144 3633 184 3698 de
204 3633 319 3697 tributo
345 3630 477 3700 Caesaris
513 3633 672 3699 reddendo
714 3634 832 3699 denarii
864 3634 1063 3699 inscribtionc
1083 3633 1247 3698 conuincit
1274 3658 1409 3699 nxxxnn
1425 3631 1615 3699 Sadducaeis
1637 3634 1676 3699 de
1698 3644 1815 3721 septem
1842 3635 1940 3698 fratrd
1975 3657 2074 3700 uxore
2097 3637 2136 3701 15

194 3771 319 3820 scscondu
473 3771 534 3819 erist
671 3767 735 3830 Ἰῦο
768 3773 861 3821 moises
896 3770 953 3821 uns
971 3770 1077 3832 ey'dnlse
1111 3769 1244 3831 getryma'e
1509 3771 1602 3820 soemo
1696 3773 1748 3820 bun
1835 3772 1895 3820 crist
1930 3785 1996 3819 sunu
2031 3774 2067 3820 ste

144 3849 360 3934 quaerentibus
381 3850 638 3914 resurrectionem
658 3849 750 3913 etiarn
775 3849 856 3915 Mosi
898 3850 1071 3915 testimonio
1098 3850 1268 3914 confirmat.
1315 3872 1465 3914 nxrxmr.
1487 3847 1619 3928 Quaerit
1647 3850 1802 3934 quomodo
1829 3849 1898 3935 Xps
1927 3850 2009 3913 filius
2034 3849 2073 3912 sit

160 3984 239 4035 dani’c
274 3986 332 4036 mic
367 3986 467 4034 dribtno
508 3989 545 4034 tre
580 3986 632 4034 htm
663 3986 850 4049 waragecegsd
880 3988 906 4035 ln
949 3987 1043 4049 psalma
1096 3985 1260 4047 hunteantoig
1304 3985 1386 4035 nioes
1407 3999 1459 4049 npp
1474 3987 1584 4049 hopbing
1618 4000 1652 4034 ao
1670 3986 1725 4036 ’ton
1784 3985 1917 4035 nu’entana
1951 3986 2077 4047 gabrosde

142 4061 248 4126 Dauid
268 4086 338 4129 eum
386 4064 449 4129 dno
512 4065 552 4130 ab
591 4084 628 4130 eo
680 4075 845 4131 uocaretur
879 4065 912 4128 in
939 4064 1058 4152 psalmo
1086 4064 1274 4129 centensimo
1303 4087 1386 4130 nono
1415 4064 1578 4130 elationem
1607 4086 1731 4150 quoqne
1756 4064 1927 4128 scribarum
1960 4066 2064 4150 arguit

142 4197 227 4246 vidua
599 4209 675 4263 tuogs
720 4202 759 4263 lyr
825 4200 951 4249 sendcnde
1026 4189 1089 4249 deor
1166 4200 1244 4249 allum
1348 4215 1409 4248 ware
1487 4201 1622 4260 getsstnsd
1898 4198 2035 4260 berglendu

143 4275 236 4340 uidua
268 4276 301 4338 in
331 4279 580 4366 gazophilacium
609 4280 671 4345 duo
703 4303 775 4345 aera
805 4280 976 4344 mittentem
1023 4277 1093 4366 plus
1142 4279 1285 4343 omnibus
1323 4278 1442 4342 misisse
1478 4279 1648 4342 confirmat
1712 4300 1827 4341 cmv.
1859 4276 2072 4343 Laudantibus

158 4415 290 4475 getimbrss
366 4416 457 4476 tempcl
496 4403 605 4466 iacnoo'e
624 4431 685 4466 sona
733 4417 787 4467 ³essa
852 4416 1020 4466 toslitnttnoso
1078 4410 1094 4474 Ἰ
1198 4414 1342 4477 fragrando
1451 4416 1479 4462 ο1
1523 4413 1587 4462 enda
1632 4413 1794 4475 gaondnsrdc
1839 4415 1888 4475 ysso
1959 4415 2059 4474 montgo

140 4491 313 4557 aedilicium
350 4491 456 4579 templi
502 4493 669 4578 praedicito
711 4495 796 4560 cuius
839 4493 1028 4560 destruendo
1067 4502 1098 4557 et
1138 4492 1398 4580 interrogantibus
1441 4492 1480 4557 de
1521 4492 1583 4556 fine
1628 4492 1788 4579 respondit
1823 4492 1906 4555 mala
1937 4492 2071 4579 plurima

166 4627 322 4690 toresoynigs
373 4641 404 4677 no
506 4619 648 4679 ieameande
733 4630 806 4679 hnsd
843 4631 928 4693 gesald
965 4644 1097 4693 gosprecen
1115 4642 1200 4678 weron
1240 4629 1270 4677 ab
1321 4630 1348 4678 tn
1401 4627 1495 4690 gseym
1565 4629 1604 4677 his
1641 4629 1682 4677 hia
1699 4628 1813 4691 agnrga’t
1867 4627 1952 4676 sanels
1995 4628 2065 4676 blora

138 4728 337 4791 praecessura
357 4728 416 4772 nee
436 4707 710 4795 praecogitandum
732 4710 806 4793 quid
833 4709 938 4775 naditi
998 4709 1167 4795 loquantur
1225 4708 1281 4773 sed
1314 4708 1346 4772 in
1371 4707 1517 4794 patientia
1552 4730 1608 4772 sua
1634 4706 1811 4794 possideant
1839 4706 1956 4770 animas
1987 4729 2067 4770 suas.
2089 4707 2131 4772 20

343 4845 512 4906 ymbssllsnnc
593 4848 629 4895 tro
706 4846 763 4895 herc
885 4848 954 4896 hieru
1059 4843 1075 4907 Ἰ
1123 4859 1167 4895 va
1228 4845 1296 4894 ³essin
1313 4843 1425 4893 borsndu
1510 4845 1585 4894 snord
1653 4858 1688 4893 ao
1705 4843 1760 4893 ton
1807 4840 1824 4901 Ἰ
1888 4840 2043 4917 pecodem

138 4913 266 4987 nx'xm
288 4921 550 4988 Circumdandam
581 4926 620 4989 ab
652 4924 790 4990 exercitu
820 4924 1020 4990 Hierusalem
1050 4937 1081 4992 et
1112 4947 1170 4991 uae
1200 4923 1442 5011 praegnantibus
1475 4921 1614 5008 gladium
1645 4945 1769 5009 qnoque
1799 4931 1829 4986 et
1862 4921 2068 5008 captiuitatem

153 5054 288 5119 ltnnglas
322 5061 430 5110 hsolnss
465 5061 589 5111 towcudo
613 5059 707 5120 lhtne
743 5062 889 5125 tocymcnde
925 5075 959 5111 on
989 5065 1083 5112 wolcen
1109 5062 1166 5114 mle
1224 5062 1313 5110 mahts
1385 5059 1457 5107 miola
1500 5054 1516 5116 Ἰ
1553 5058 1610 5109 mi'e
1630 5059 1705 5123 ’etym
1750 5050 1859 5108 isonoe'd

136 5136 287 5222 signaque
338 5138 415 5204 caeli
480 5139 584 5204 runra
610 5161 705 5227 seque
733 5152 898 5208 uenturum
923 5142 956 5206 in
992 5143 1075 5207 nube
1097 5166 1167 5207 cnm
1189 5149 1337 5229 potestate
1357 5159 1472 5224 magna
1494 5146 1524 5201 et
1544 5138 1701 5202 maiestate
1720 5135 1878 5224 praedicit.
1920 5160 2063 5200 cxxxvii.

180 5285 201 5331 1.
221 5283 369 5334 coemendos
387 5282 438 5333 MS.
459 5288 481 5334 t.
500 5286 515 5334 L
533 5284 653 5336 absosdtt.
672 5290 696 5336 9.
715 5289 731 5337 l.
749 5288 835 5338 decem
852 5300 930 5337 mnas.
951 5289 990 5338 10.
1007 5287 1059 5337 ullu
1077 5284 1129 5336 118.
1148 5287 1221 5336 121.
1239 5286 1293 5335 1111.
1314 5287 1354 5334 1s.
1373 5285 1484 5334 mississe
1503 5284 1553 5334 MS.
1579 5288 1617 5334 19.
1636 5285 1653 5332 l.
1671 5284 1792 5347 praedicit
1809 5282 1910 5425 rigaltio.
