4748 6098
1048 301 1296 375 -θΟ,

308 505 423 554 eundum
519 503 596 552 caah
633 501 667 552 ’6ο
685 502 734 549 hat
783 500 834 551 soh
877 501 900 548 ic
918 499 1006 549 arrabo
1041 501 1090 549 low
1144 498 1238 548 lothen
1290 512 1323 546 an
1384 499 1412 546 ol
1462 500 1510 546 iow
1554 511 1607 547 mac
1653 499 1726 548 salat
1766 498 1830 548 selle
1908 497 1970 548 eta’h
2043 511 2096 547 nso
2113 497 2172 548 mih

238 582 493 647 manducantibus
535 581 577 644 ait
638 580 727 645 Iesus
761 601 853 644 amen
905 578 974 642 dico
1023 577 1111 642 uobis
1154 577 1226 663 quia
1268 598 1349 641 unus
1378 598 1417 641 ex
1443 577 1532 641 uobis
1560 599 1610 642 me
1636 577 1738 643 tradet
1772 578 1826 664 qui
1856 576 2023 640 manducat
2041 597 2171 640 mecum.

313 718 364 768 soh
399 717 436 767 ’ha
452 717 464 764 l
480 718 522 765 hia
556 730 696 778 ongunuun
757 716 886 777 unrotaiga
931 711 948 772 Ἰ
985 712 1091 761 casella
1123 719 1149 760 ιο
1167 713 1219 758 him
1280 713 1396 773 ayudrigs
1448 712 1478 760 ah
1499 713 1537 759 hit
1553 713 1590 759 sia
1642 714 1666 763 ic
1807 714 1871 763 seha
1906 713 1985 762 ant
2020 713 2072 760 him
2123 725 2156 759 an

241 796 290 860 19.
312 797 359 860 At
440 795 485 858 illi
541 804 709 881 coeperunt
736 793 910 859 contristari
929 802 960 855 et
980 790 1082 852 dicere
1159 789 1187 851 ei
1239 788 1418 873 singulatim
1440 789 1591 872 numquid
1612 791 1695 874 ego?
1736 792 1785 852 20.
1808 790 1870 866 Qui
1923 791 1965 854 ait
2012 789 2074 854 illis
2095 811 2175 854 unus

246 931 274 980 ol
307 931 374 980 ’tam
391 932 476 979 twollh
511 929 574 979 so'oa
617 930 711 977 onhran
756 943 809 978 mac
827 927 883 976 mih
1055 936 1088 971 ou
1130 922 1197 971 disca
1347 921 1364 982 Ἰ
1410 936 1477 971 sunu
1517 936 1545 971 ea
1562 923 1625 972 aoht
1682 937 1786 972 monnau
1845 937 1894 984 εει
1943 939 1993 973 awa
2044 925 2146 971 awriten

241 1028 282 1073 ax
310 1007 474 1073 duodecim
516 1007 569 1092 qui
600 1005 725 1091 intingit
762 1026 883 1068 mecum
909 1024 1035 1065 manum
1057 1001 1089 1063 in
1110 1000 1220 1065 catino.
1263 1002 1313 1065 21.
1335 1000 1377 1065 Ει
1403 1000 1485 1064 filius
1512 1001 1639 1085 quidem
1663 1001 1796 1066 hominis
1822 1003 1908 1066 uadit
1929 1003 2008 1066 sicut
2027 1002 2176 1089 scriptum

253 1143 276 1193 is
318 1144 345 1192 ol
377 1144 406 1192 ht
440 1156 483 1191 aa
519 1141 606 1191 ’sonna
658 1154 733 1190 monn
776 1140 843 1190 'bam
879 1138 941 1188 'terh
977 1139 1046 1189 ’oona
1091 1153 1156 1187 sunu
1197 1152 1302 1187 mounes
1337 1139 1475 1200 gisaldhi‘h
1510 1139 1657 1200 godtbatra
1697 1138 1720 1186 is
1760 1138 1787 1186 lu
1821 1141 1860 1200 gli
1891 1151 1923 1186 na
1968 1152 2031 1186 wera
2065 1136 2177 1184 manual

241 1230 287 1287 est
307 1221 346 1285 de
368 1243 413 1286 eo.
436 1243 494 1286 uas
514 1231 617 1285 autem
637 1220 754 1285 homini
782 1219 827 1282 illi
883 1239 940 1304 per
967 1239 1060 1302 quem
1080 1217 1162 1281 filins
1183 1216 1316 1281 hominis
1338 1218 1486 1281 tradetur.
1522 1217 1639 1283 bouum
1672 1227 1738 1281 erat
1758 1218 1786 1281 ei
1820 1218 1847 1280 si
1877 1240 1941 1282 non
1962 1225 2042 1281 essct
2073 1224 2162 1279 natus

260 1372 320 1407 mon
373 1357 408 1408 ’60
558 1354 574 1414 Ἰ
680 1355 797 1404 arandum
899 1355 952 1403 him
992 1357 1084 1416 onlong
1118 1353 1153 1403 ’to
1172 1354 1221 1401 hai
1278 1353 1332 1401 hlat
1385 1349 1401 1410 Ἰ
1438 1353 1550 1402 hlatsads
1568 1352 1646 1403 caah
1680 1355 1743 1403 brac
1792 1350 1807 1411 Ἰ
1850 1354 1919 1403 raldo
1954 1354 2007 1401 hlm
2041 1348 2057 1410 Ἰ
2094 1351 2177 1402 caah

200 1436 337 1502 bhomo
363 1435 425 1501 ille.
476 1435 525 1500 22.
547 1434 589 1499 Ει
614 1433 869 1499 manducantibus
897 1432 957 1497 illis
984 1433 1101 1519 accepit
1126 1431 1213 1496 Iesus
1243 1452 1354 1517 panem
1376 1440 1407 1495 et
1444 1432 1629 1497 benedicens
1660 1433 1754 1518 fregit
1781 1442 1811 1496 et
1839 1431 1924 1496 dedit
1954 1433 1997 1496 eis
2034 1442 2065 1496 et
2113 1432 2158 1496 ait

249 1574 337 1623 ouloas
389 1570 431 1622 ’dis
476 1573 498 1621 is
541 1573 646 1622 lichoma
703 1572 756 1620 min
929 1564 946 1627 Ἰ
1007 1569 1098 1629 onlong
1139 1567 1205 1617 'tam
1223 1565 1298 1613 calice
1334 1565 1470 1615 honcunda
1511 1568 1576 1629 dyda
1627 1569 1695 1618 ealda
1730 1570 1782 1619 him
1815 1566 1832 1629 Ἰ
1868 1569 2009 1630 gidruneuu
2044 1571 2072 1618 ol
2110 1568 2178 1617 ’tam

243 1651 354 1715 sumite
380 1651 439 1715 hoc
466 1659 512 1714 est
536 1672 647 1737 corpus
676 1673 788 1716 meum.
838 1650 887 1714 23.
916 1649 958 1713 Ει
985 1656 1110 1733 accepto
1177 1645 1272 1709 calice
1347 1645 1462 1730 gratias
1494 1668 1591 1732 agens
1618 1647 1703 1712 dedit
1734 1648 1778 1712 eis
1805 1657 1836 1711 ct
1862 1647 2008 1712 biberunt
2039 1668 2077 1711 ex
2110 1646 2166 1711 illo

276 1788 324 1836 alla
490 1783 507 1846 Ἰ
543 1787 622 1836 evah
656 1787 709 1834 him
744 1787 788 1837 'his
822 1787 844 1835 is
910 1784 971 1834 blod
1045 1782 1099 1831 mlu
1138 1781 1217 1830 niowe
1269 1781 1388 1842 eyhnissa
1441 1781 1504 1831 seha
1540 1784 1592 1831 lore
1627 1785 1731 1845 monigh
1773 1790 1862 1846 agotcn
1881 1783 1929 1833 bit
2110 1782 2161 1831 soh

245 1885 362 1930 omnes.
404 1864 455 1927 24.
476 1862 517 1927 Et
557 1865 600 1928 ait
650 1865 711 1929 illis
738 1865 790 1929 hic
812 1873 857 1929 est
877 1864 1002 1949 sanguis
1024 1883 1112 1926 meus
1136 1860 1209 1924 noui
1242 1860 1412 1924 testamenti
1447 1861 1499 1945 qui
1537 1884 1595 1949 pro
1624 1862 1727 1927 multis
1757 1861 1940 1927 effundetur.
1994 1861 2044 1926 25.
2072 1863 2180 1925 Αιιιοιι

244 2002 268 2050 lo
285 2001 373 2050 cweho
415 2001 462 2048 low
515 1997 566 2075 *pto
603 2000 701 2050 ao'tlics
740 2014 773 2048 na
816 2000 901 2048 mineo
920 1999 945 2047 lc
979 2001 1007 2047 ol
1143 2013 1221 2060 cyane
1273 1998 1425 2059 vingeordea
1471 1997 1507 2047 o’s
1559 2005 1585 2048 to
1621 1999 1688 2059 dage
1724 1997 1790 2048 ’sam
1824 1997 1928 2059 miter
1964 1997 2017 2047 ’sat
2052 1998 2075 2044 ic
2092 1997 2180 2046 driaco

279 2078 347 2143 dico
389 2079 478 2144 uobis
498 2080 570 2165 quia
611 2079 673 2142 iam
714 2101 778 2143 non
820 2079 923 2143 bibam
960 2078 998 2142 dc
1021 2077 1081 2141 hoc
1102 2077 1258 2162 genimine
1307 2076 1377 2140 uitis
1437 2077 1587 2163 usquein
1608 2077 1688 2141 diem
1709 2076 1797 2140 illum
1840 2098 1910 2141 cum
1952 2075 2029 2139 illud
2060 2075 2167 2140 bibam

263 2215 343 2265 nlowa
385 2217 413 2263 iu
464 2216 512 2263 rice
563 2214 641 2276 godes
775 2212 790 2271 Ἰ
827 2214 885 2263 mih
903 2227 952 2262 swa
987 2212 1090 2261 cwednll
1126 2211 1330 2262 'bonatoeorduu
1366 2226 1399 2260 ou
1464 2226 1517 2260 mor
1575 2213 1729 2261 oelahaomes
1848 2208 1864 2271 Ἰ
1902 2210 1980 2261 cwa'o
2006 2212 2059 2259 him
2086 2210 2180 2260 ’habai

244 2315 362 2357 nouum
384 2293 416 2356 in
438 2313 536 2377 regno
568 2291 637 2355 Dei.
691 2291 740 2355 26.
762 2292 804 2358 Et
827 2293 947 2379 hymno
998 2291 1078 2354 dicto
1160 2291 1302 2356 exierunt
1363 2291 1396 2353 in
1417 2301 1553 2356 montem
1575 2292 1736 2356 oliuarum.
1765 2292 1816 2355 27.
1837 2290 1879 2357 Ει
1917 2290 1960 2353 ait
2011 2291 2055 2354 eis
2090 2288 2180 2354 Iesus

274 2428 322 2476 alls
374 2443 404 2488 ga
420 2426 522 2476 hiohuu
539 2428 680 2489 ouapyrnod
825 2441 857 2476 on
892 2426 958 2475 naht
994 2426 1077 2476 tissa
1110 2426 1203 2476 torhon
1247 2429 1349 2475 awriten
1399 2429 1422 2476 is
1459 2431 1482 2477 lo
1500 2428 1563 2478 'harh
1582 2429 1625 2477 sla
1641 2429 1654 2476 l
1671 2428 1741 2478 hrlno
1795 2429 1864 2479 hono
1882 2428 1969 2477 hlords
2003 2424 2019 2484 Ἰ
2066 2435 2091 2475 ιο
2110 2434 2180 2476 steu-

185 2506 227 2569 10
248 2526 355 2569 omnes
386 2505 669 2570 scandalizabimini
703 2507 735 2569 in
756 2507 860 2571 mein
881 2516 972 2570 nocte
1007 2507 1065 2568 ista
1124 2506 1196 2590 quia
1225 2507 1372 2588 scriptum
1395 2518 1441 2571 est
1527 2507 1698 2596 percutiam
1806 2517 1960 2594 pastorem
1993 2516 2024 2570 et
2062 2505 2181 2593 dispcr-

247 2641 296 2690 eud
313 2641 362 2690 hlh
397 2639 508 2691 ’ostada
646 2642 676 2690 ah
720 2644 787 2690 alter
801 2641 854 2691 ’hon
866 2641 901 2690 'hs
971 2643 1071 2690 lcarlsu
1147 2642 1345 2703 hlloraiccymo
1381 2645 1455 2691 iowih
1490 2645 1517 2691 in
1581 2644 1696 2704 galileam
1966 2645 2064 2692 wutudl
2099 2645 2178 2695 cwah

247 2730 361 2807 gantur
413 2742 495 2784 oues.
557 2721 607 2788 28.
631 2717 696 2786 Sed
726 2730 890 2806 postquam
926 2740 1126 2783 resurrexero
1155 2718 1338 2804 praecedam
1390 2743 1447 2784 uos
1488 2722 1520 2784 in
1542 2721 1725 2786 Galilaeam.
1758 2722 1808 2786 29.
1829 2722 1940 2787 Petrus
1962 2733 2065 2788 autem
2117 2725 2161 2788 ait

326 2851 342 2914 Ἰ
379 2855 497 2917 gulten
540 2857 588 2904 alla
649 2858 809 2919 ouspymlsss
892 2858 929 2903 sis
1106 2855 1136 2901 ah
1194 2868 1226 2902 ua
1260 2854 1351 2902 icalra
1486 2853 1502 2914 Ἰ
1540 2856 1617 2906 caah
1653 2857 1704 2905 him
1740 2856 1835 2906 bahal
1869 2857 1919 2908 soh
1962 2859 1985 2907 ic
2003 2859 2091 2909 cwsho
2127 2860 2164 2910 3ο

246 2933 291 2998 illi
314 2944 345 2999 et
416 2934 441 2996 si
505 2956 612 2998 omnes
632 2934 828 2999 scandalizati
850 2933 964 2999 fuerint
984 2934 1016 2996 in
1037 2944 1068 2997 tc
1094 2932 1149 2997 sed
1171 2955 1235 2997 non
1268 2953 1337 3019 ego.
1395 2935 1446 2998 30.
1467 2933 1509 2998 Ει
1554 2935 1597 2998 ait
1652 2935 1697 2999 illi
1738 2935 1826 2999 Iesus
1848 2959 1939 3001 amen
1988 2939 2056 3004 dico
2124 2939 2181 3004 tibi

246 3068 324 3118 tarta
359 3068 399 3118 ’hu
424 3072 450 3115 ιο
470 3069 537 3129 daga
562 3070 589 3116 lu
629 3072 694 3118 naht
732 3071 815 3120 {iasar
848 3070 937 3120 aethon
956 3069 1041 3119 honus
1085 3069 1150 3117 hona
1208 3071 1288 3117 stolus
1349 3070 1436 3130 gisells
1474 3070 1544 3132 ’triga
1580 3085 1618 3121 ma
1655 3071 1694 3122 hu
1711 3074 1762 3122 hist
1814 3087 1928 3122 onsacsn
2091 3072 2180 3135 Ἰιοδ

248 3145 321 3230 quia
362 3155 395 3209 tu
433 3145 526 3210 hodie
558 3147 590 3210 iu
616 3157 706 3212 nocto
743 3147 802 3212 hac
854 3149 1032 3236 priusquam
1064 3148 1166 3234 gallus
1198 3170 1307 3212 uocem
1338 3148 1456 3213 dederit
1486 3160 1534 3213 ter
1573 3172 1623 3216 me
1696 3174 1729 3215 es
1792 3163 1971 3237 negaturus.
2020 3155 2071 3218 31.
2113 3157 2160 3221 At

247 3280 277 3330 ha
295 3279 387 3329 lor'ton
439 3294 506 3330 mara
569 3283 763 3345 glspreennla'c)
797 3280 813 3340 Ἰ
850 3284 968 3345 gifl’sah
1003 3285 1027 3332 lc
1045 3285 1103 3332 seila
1121 3285 1221 3333 hicuma
1258 3297 1313 3333 msa
1351 3286 1456 3344 atgadra
1491 3285 1542 3362 pta
1558 3288 1582 3336 ic
1600 3289 1685 3336 swalta
1718 3288 1777 3338 mih
1796 3287 1832 3337 ’6ο
1877 3303 1908 3338 ue
1970 3290 2004 3340 ’oa
2040 3305 2137 3342 onsaeco
2157 3295 2181 3342 io

290 3356 344 3422 ille
405 3359 536 3445 amplius
567 3359 752 3446 loquebatur
784 3373 815 3426 et
897 3365 922 3426 si
1026 3364 1196 3450 oportuerit
1259 3385 1309 3428 ma
1355 3364 1446 3428 simul
1510 3368 1659 3431 commori
1741 3366 1798 3430 tibi
1857 3390 1919 3432 non
1968 3379 1999 3434 ta
2046 3373 2180 3459 negabo.

290 3495 363 3556 gillae
423 3494 521 3546 sohlice
564 3492 580 3555 Ἰ
647 3499 695 3546 alla
777 3500 880 3549 ewcduu
1048 3498 1064 3558 Ἰ
1124 3513 1212 3550 eomou
1262 3501 1289 3549 in
1331 3502 1384 3552 aaa
1401 3504 1481 3553 lonha
1525 3505 1546 3551 ls
1587 3504 1693 3553 namuad
1712 3504 1780 3554 hem
1797 3508 1909 3556 nomals
1962 3521 1995 3556 on
2014 3510 2092 3558 sbrlsc
2161 3506 2179 3568 Ἰ

189 3570 230 3636 15
250 3571 391 3636 similiter
420 3584 522 3639 autem
557 3585 587 3640 et
615 3597 721 3641 omnes
750 3578 901 3645 dicebant
952 3580 1002 3644 32.
1030 3578 1073 3644 Et
1101 3580 1228 3644 ueniunt
1255 3580 1288 3644 in
1319 3582 1479 3667 praedium
1508 3582 1557 3645 cui
1681 3605 1796 3648 nomon
1925 3583 2128 3652 Gethscmani
2151 3600 2185 3655 et

247 3722 326 3773 caah
360 3729 386 3771 to
405 3715 531 3786 heguum'
554 3728 592 3775 his
635 3729 707 3778 uittas
750 3730 794 3778 hor
828 3730 1055 3782 ohhat’hahwila
1090 3735 1114 3782 lc
1132 3733 1233 3793 gihidda
1251 3746 1291 3780 ms
1454 3738 1480 3780 ιο
1498 3735 1582 3792 ginom
1630 3740 1716 3796 patrus
1762 3734 1778 3794 Ἰ
1986 3736 2002 3798 Ἰ

260 3801 304 3866 ait
361 3803 518 3891 discipulis
539 3806 601 3870 suis
622 3807 726 3872 sedete
746 3810 798 3874 hic
901 3810 1000 3876 donec
1147 3832 1242 3874 orem.
1327 3811 1377 3874 33.
1400 3808 1441 3874 Et
1462 3812 1587 3875 assumit
1608 3812 1735 3878 Petrum
1757 3824 1787 3880 ct
1805 3816 1955 3882 Iacobum
1976 3828 2007 3884 ot
2026 3819 2183 3888 Ioannem

271 3953 329 4004 mit
380 3952 396 4014 Ἰ
434 3969 515 4017 ougan
548 3958 655 4017 forhtiga
688 3955 704 4015 Ἰ
742 3959 841 4022 longlga
983 3960 1000 4020 Ἰ
1036 3962 1114 4011 caah
1149 3963 1201 4011 hlm
1235 3969 1310 4012 unrot
1344 3963 1367 4009 la
1419 3964 1493 4010 sawal
1535 3966 1587 4013 mlu
1639 3967 1677 4016 oh
1735 3973 1761 4018 ιο
1780 3969 1792 4016 t
1809 3969 1863 4019 wib
1916 3971 1984 4022 dash
2036 3973 2182 4036 gitoellgu

248 4053 353 4097 secum
374 4045 404 4099 et
425 4036 525 4123 coepit
542 4058 656 4122 pauero
679 4047 708 4101 et
728 4037 861 4103 taedere.
903 4039 953 4102 34.
975 4038 1017 4103 Ει
1056 4039 1100 4104 ait
1141 4040 1202 4104 illis
1222 4041 1316 4107 tristis
1337 4050 1383 4105 est
1403 4041 1506 4104 anima
1527 4064 1596 4108 mea
1617 4067 1715 4132 usque
1781 4048 1821 4111 ad
1883 4061 2015 4116 mortem
2034 4053 2184 4120 sustincte

257 4180 301 4273 har
334 4181 351 4241 Ἰ
405 4200 501 4276 peccas
651 4184 667 4246 Ἰ
704 4188 762 4238 mro
772 4187 810 4251 'dy
844 4190 950 4240 iteranda
967 4204 1017 4238 was
1082 4191 1154 4240 hvon
1234 4193 1346 4242 loreleoll
1391 4196 1442 4242 ofer
1503 4196 1581 4245 sorbo
1633 4194 1649 4256 Ἰ
1686 4198 1767 4259 glhad
1785 4200 1797 4247 l
1814 4201 1940 4253 hiddende
1958 4218 2013 4255 aas
2057 4205 2110 4282 “Jits
2143 4209 2185 4270 gil

251 4259 303 4323 hro
330 4270 360 4324 et
386 4265 521 4346 ulgllato.
564 4269 614 4332 35.
635 4267 677 4332 Et
719 4289 788 4333 cum
826 4269 1024 4356 processisset
1044 4269 1204 4357 paululum
1224 4270 1356 4359 procidit
1373 4294 1467 4359 super
1485 4283 1600 4338 terram
1623 4285 1653 4339 et
1797 4280 1906 4345 orabat
2069 4297 2103 4352 ut
2153 4290 2181 4354 si

256 4423 325 4505 worp
359 4411 446 4459 mahta
496 4416 584 4474 gulare
636 4421 700 4468 lrom
734 4421 786 4469 him
821 4420 867 4471 ’oio
885 4422 925 4470 tld
1045 4419 1061 4481 Ἰ
1098 4422 1176 4472 evah
1217 4424 1242 4471 la
1260 4423 1383 4472 hchladar
1442 4426 1490 4473 alls
1542 4430 1689 4491 mahtlgllca
1737 4432 1771 4482 ’ta
1807 4435 1900 4485 sindon
1935 4438 2046 4487 olarlarh
2063 4439 2075 4486 t
2092 4441 2183 4502 uiliora

244 4490 318 4555 ‚fieri
352 4498 455 4576 posset
476 4494 620 4560 transiret
651 4497 691 4561 ab
743 4520 780 4563 eo
832 4499 919 4562 hora
963 4499 1013 4563 36.
1035 4498 1077 4564 Et
1097 4501 1175 4564 dixit
1202 4500 1283 4565 abba
1303 4511 1391 4587 pater
1410 4505 1512 4569 omnia
1532 4509 1687 4594 possibilia
1725 4511 1779 4575 tibi
1821 4524 1893 4578 sunt
1984 4519 2119 4584 hansfer

282 4641 343 4732 calio
396 4640 488 4691 'diosna
523 4643 585 4691 lrom
620 4661 659 4695 ms
698 4650 729 4697 ah
780 4664 812 4698 ns
864 4647 915 4724 Ιῇιο
973 4650 996 4699 lc
1036 4653 1106 4702 wella
1140 4654 1171 4702 ah
1215 4656 1278 4727 pata
1314 4654 1433 4706 tavena
1564 4656 1580 4719 Ἰ
1628 4676 1683 4711 eom
1726 4659 1742 4722 Ἰ
1796 4664 1884 4714 inland
1919 4668 1966 4716 hia
2024 4672 2146 4735 slepands

189 4717 231 4782 20
251 4720 375 4785 cahcem
403 4721 486 4786 hunc
548 4745 567 4786 a
617 4746 668 4788 me
688 4726 744 4790 sed
766 4748 829 4793 non
851 4728 934 4814 quod
956 4750 1015 4814 ego
1036 4731 1109 4797 uolo
1131 4732 1185 4797 sed
1207 4734 1291 4816 quod
1353 4746 1395 4800 tu.
1480 4738 1529 4801 37.
1551 4737 1593 4802 Et
1613 4742 1697 4806 uenit
1717 4751 1748 4806 et
1767 4742 1885 4808 inuenit
1906 4768 1959 4811 eos
1981 4748 2180 4820 donnicatas.

265 4867 281 4930 Ἰ
318 4871 396 4963 cwa'h
431 4879 457 4923 ιο
475 4880 544 4937 petra
578 4875 701 4968 lausimou
736 4878 774 4928 hu
793 4879 874 4971 alapas
926 4893 957 4929 na
1001 4882 1102 4931 mahtes
1120 4881 1159 4932 ’hu
1200 4898 1247 4933 ana
1307 4888 1343 4936 tid
1409 4891 1521 4952 giwacca
1716 4909 1814 4944 uaccas
1864 4895 1880 4957 Ἰ
1937 4901 2008 4962 gibid
2042 4901 2094 4978 “pte
2130 4920 2164 4956 na

252 4947 294 5013 Et
340 4959 383 5014 art
439 4953 534 5017 Petro
587 4951 696 5020 Simon
738 4956 881 5022 dormis?
915 4979 978 5023 non
1020 4960 1143 5047 potuisti
1191 4985 1253 5027 una
1287 4965 1365 5030 hora
1396 4969 1548 5054 uigilare?
1611 4973 1660 5036 38.
1694 4973 1829 5061 Vigilate
1859 4988 1890 5043 et
1931 4994 2016 5047 orata
2048 4994 2083 5048 ut
2113 5008 2180 5051 non

251 5099 351 5194 'luga‘
388 5103 416 5193 in
485 5111 604 5166 corlungo
688 5107 722 5156 ’oa
740 5115 794 5171 gast
827 5107 976 5170 wutudhte)
1044 5125 1118 5172 gooro
1188 5114 1211 5163 is
1246 5115 1281 5166 ’ta
1294 5117 1401 5166 lichoma
1435 5120 1567 5184 hanchis)
1601 5128 1728 5186 uutrymig
1845 5127 1861 5189 Ἰ
1899 5133 2031 5183 chersona
2064 5136 2180 5188 trheoda

249 5186 367 5246 ιιιιιοιιο
384 5184 646 5253 intentationem
672 5187 796 5277 spiritus
825 5187 949 5273 quidem
989 5199 1150 5278 promptus
1174 5202 1220 5257 est
1290 5218 1363 5261 caro
1435 5221 1509 5266 uero
1593 5202 1723 5269 infirma
1764 5209 1815 5274 39.
1831 5208 1874 5276 Et
1902 5210 2014 5279 iterum
2069 5216 2180 5285 abiem
