4748 6098
1028 360 1253 434 -5-

403 553 449 610 aii
570 561 611 607 luc
687 559 734 607 'tae
769 570 894 617 mercoug-
919 558 989 608 alces
1024 558 1129 623 godepai
1165 558 1199 609 ’he
1237 572 1269 607 on
1305 559 1397 608 tuoairh
1435 558 1505 619 byrsa
1542 571 1573 606 on
1608 558 1704 607 lucases
1741 559 1785 607 dei

148 640 212 728 [iol.
237 639 320 728 129]
343 639 522 706 Secundum
542 636 648 701 Lucan

147 772 293 837 ieiunium
314 772 358 836 sffi
377 769 526 834 Iohannis
546 768 694 855 baptistae
732 767 822 832 dhica
836 766 908 831 ·III·
923 766 962 831 de
980 767 1147 831 aduentum
1167 768 1236 851 (sic)
1273 767 1305 828 in
1327 773 1381 830 net
1400 755 1447 830 sci
1464 766 1613 831 Iohannis
1634 768 1695 854 bap
1727 768 1759 830 in
1773 767 1875 832 natale
1891 767 1944 830 dni
1965 769 2064 848 (caet.)

815 945 986 1013 INCIPIT
1015 946 1275 1013 PRAEFATIO
1303 946 1463 1014 LUCAE.

484 1087 553 1135 lucae
585 1085 723 1147 cannuca
751 1083 818 1134 ’iera
829 1083 1008 1145 burgei'brma
1021 1088 1115 1132 ceastre
1125 1084 1232 1144 toetring
1267 1081 1324 1132 mih
1337 1085 1417 1134 creite
1475 1083 1526 1133 lece
1582 1085 1973 1150 discipuliiarcnahtiioatriug
2008 1083 2071 1134 'tara

274 1166 340 1255 [fol.
361 1164 445 1254 130.]
467 1165 568 1229 Lucas
601 1160 702 1249 Syrus
891 1162 1117 1226 anthiocensiae
1310 1172 1376 1226 arte
1429 1162 1565 1227 medicus
1701 1163 1868 1250 discipulus
2006 1184 2078 1249 apo-

167 1305 277 1367 postoira
313 1296 361 1353 eti
376 1303 429 1352 bon
448 1301 518 1352 ’sona
526 1299 696 1364 paulai’eaem
706 1300 780 1363 paule
806 1298 1049 1359 gesohtetgaIylgda
1093 1297 1147 1346 wie
1291 1297 1422 1347 ondetuisa
1509 1298 1547 1346 his
1615 1299 1688 1348 harde
1730 1300 1827 1350 drihtne
1861 1302 1923 1349 buta
1952 1300 2078 1361 hehsynne

149 1383 299 1448 stolorum
317 1391 424 1470 postea
568 1378 701 1443 Paulum
852 1386 973 1441 secutus
1068 1397 1166 1462 usque
1186 1376 1467 1463 adflconfessionem
1488 1376 1553 1440 eius
1573 1379 1711 1442 sentiens
1744 1378 1806 1443 dno
1857 1378 1924 1442 sine
1941 1377 2077 1442 crimine.
2119 1378 2140 1440 5

158 1507 225 1568 iton
279 1528 312 1568 ne
386 1515 477 1592 ¹]5wit
559 1517 617 1564 aha
708 1513 787 1563 haido
855 1526 887 1561 ne
955 1526 1018 1562 auno
1053 1513 1263 1574 hundsaoiaontig
1307 1514 1395 1561 wintm
1436 1513 1560 1575 galiorade
1592 1517 1619 1562 in
1645 1514 1753 1563 biuinit
1766 1515 1792 1563 in
1807 1514 1860 1564 'esar
1873 1516 1944 1575 byrig
2010 1514 2057 1562 inii

149 1619 221 1661 nam
242 1619 343 1682 neque
364 1616 495 1661 uxorem
519 1616 664 1680 umquam
686 1592 803 1656 habens
824 1612 925 1677 nequo
944 1592 1025 1656 filios
1063 1590 1246 1656 mxxiii}
1266 1613 1420 1656 annorum
1461 1593 1536 1658 obiit
1593 1594 1625 1655 in
1717 1593 1848 1658 bithinia
1970 1592 2080 1678 plenus

150 1735 178 1782 oi
192 1734 260 1794 halig
295 1739 350 1794 gast
385 1733 448 1782 sa'ee
482 1730 579 1792 nie’ey
615 1734 643 1780 ut
659 1730 671 1777 i
688 1742 732 1789 gea
785 1729 904 1777 arrriitne
980 1742 1078 1778 woaron
1142 1727 1177 1776 'da
1193 1726 1322 1790 godspaila
1359 1725 1421 1776 'berh
1474 1729 1573 1777 maiheu
1642 1741 1675 1777 ee
1691 1727 1740 1778 εδδ
1780 1741 1812 1777 en
1881 1727 1955 1777 iudea
2018 1726 2081 1777 'terh

180 1817 238 1898 spu
295 1819 356 1876 seo.
383 1811 436 1898 qui
494 1832 565 1874 cum
638 1808 699 1871 iam
789 1807 903 1871 scribta
968 1816 1072 1872 essent
1146 1805 1309 1891 euangelia
1355 1827 1412 1893 per
1432 1805 1603 1871 Mattheum
1625 1806 1749 1892 quidem
1778 1808 1811 1871 iu
1841 1807 1971 1872 ludeain
2013 1828 2070 1893 per

192 1949 263 1998 mare
340 1948 395 1997 ’ech
438 1960 473 1997 on
497 1943 744 2006 italia·i·uea'6(sie)
761 1943 833 2005 halge
858 1943 1124 1992 iustihtadeidihtade
1148 1947 1217 2004 gasto
1247 1945 1260 1990 1
1288 1940 1342 1991 ’ear
1360 1940 1441 1990 beade
1516 1942 1574 1991 cain
1648 1943 1691 1992 ’eis
1755 1950 1827 1992 aurat
1933 1942 2048 2006 godepeli

151 2026 292 2092 Marcum
313 2039 415 2091 autem
436 2027 469 2090 in
549 2022 640 2088 Italia
763 2027 816 2086 seo
905 2023 1072 2108 instigante
1154 2026 1212 2107 spu
1234 2021 1267 2083 in
1288 2019 1429 2085 Achaiae
1468 2020 1607 2106 partibus
1641 2021 1702 2087 hoc
1735 2022 1856 2086 scribsit
1883 2021 2080 2108 euangelium

177 2172 320 2233 gemercade
404 2174 432 2219 ut
500 2170 531 2216 he
580 2181 613 2217 ou
668 2157 756 2217 hand
826 2182 858 2216 aer
894 2168 973 2218 obera
1009 2181 1088 2217 waere
1123 2166 1281 2215 awrittanoi
1324 2170 1350 2214 to
1370 2164 1435 2213 bem
1452 2170 1479 2213 to
1496 2114 1564 2234 icon
1608 2168 1669 2215 buta
1704 2166 1740 2215 ’ia
1784 2166 1855 2216 'eabe
1901 2165 2080 2215 endebrednise

153 2250 331 2335 significans
373 2249 466 2313 ctiam
486 2248 553 2334 ipse
582 2245 615 2309 in
636 2245 787 2333 principio
809 2257 880 2311 ante
908 2246 969 2310 alia
1018 2266 1085 2309 esse
1129 2243 1281 2309 describis
1323 2287 1331 2303 .
1408 2244 1457 2307 cui
1599 2254 1747 2310 estraes
1782 2265 1862 2331 quae
1965 2244 2042 2309 ordo

153 2386 205 2435 'tas
221 2386 376 2449 godepeiiica
442 2385 579 2448 gesetniaae
648 2382 776 2432 tesceadea
822 2382 857 2430 ’ita
913 2384 1009 2429 maastu
1096 2379 1207 2429 ubd'eari
1257 2393 1361 2430 woercee
1378 2381 1390 2429 i
1408 2380 1461 2430 'tas
1482 2393 1584 2442 nunes
1622 2395 1677 2431 aas
1714 2380 1767 2457 fpte
1827 2388 1896 2430 areat
1946 2382 2079 2429 creciacum

165 2464 365 2548 euangelicae
406 2461 613 2548 dispositionis
643 2461 781 2546 exposcit
818 2481 855 2523 aa
892 2459 1028 2522 manime
1065 2459 1228 2522 necessitas
1359 2458 1475 2523 laboris
1619 2460 1678 2524 fuit
1718 2470 1752 2524 ut
1785 2461 1919 2546 primum
1947 2457 2077 2524 Graecis
2106 2459 2145 2520 10

154 2599 220 2647 bam
236 2599 360 2658 galeamn
403 2596 461 2646 mis
477 2597 620 2658 aighuoaicu
696 2595 806 2656 eligens
895 2594 1067 2655 tocymmando
1103 2598 1130 2642 in
1164 2595 1271 2643 lichoma
1305 2595 1382 2656 godes
1417 2585 1479 2644 crisi
1533 2609 1626 2645 woeroa
1682 2591 1960 2655 'elomenniacnisaiatel
1985 2590 2037 2668 pite
2053 2606 2085 2643 ue

193 2675 335 2741 fidelibus
479 2675 563 2738 omni
640 2673 874 2760 prophetatione
917 2675 1038 2737 uenturi
1101 2675 1132 2737 in
1155 2696 1278 2738 carnem
1321 2661 1357 2738 di
1411 2673 1476 2760 Xpi
1503 2677 1665 2742 manifesta
1705 2675 1879 2739 humanitas
2015 2693 2055 2737 ne

167 2848 281 2897 indalecii
325 2860 411 2908 sagum
447 2847 489 2894 hia
509 2852 535 2894 tc
553 2792 721 2910 beheddbnne
738 2858 817 2894 woere
852 2846 880 2892 iu
926 2857 957 2893 an
1022 2859 1063 2894 aas
1150 2845 1217 2893 willo
1316 2845 1438 2895 tohaidon
1487 2845 1539 2923 pte
1555 2861 1588 2898 ns
1623 2848 1713 2896 itae
1753 2848 1868 2896 tosliteru
1928 2856 2015 2904 sagum
2059 2840 2076 2900 Ἰ

154 2925 287 2990 ludoich
309 2925 420 2989 fabulis
575 2922 701 2987 adtendi
848 2925 880 2986 in
909 2923 976 2989 solo
1004 2924 1082 3011 legis
1109 2923 1261 3008 desiderio
1289 2932 1467 2990 tenerentur
1522 2948 1563 2990 ne
1641 2926 1691 2989 uel
1739 2925 1881 2990 hereticis
1908 2923 2019 2987 fabulis
2054 2934 2084 2987 ct

153 3064 287 3112 unwialicii
374 3062 488 3124 gamnite
582 3059 909 3120 heauiccenoigenaerredc
980 3060 1083 3110 ioerdon
1140 3063 1177 3108 ire
1212 3060 1370 3111 sobioesiuIae
1403 3060 1456 3138 'leia
1473 3063 1611 3112 miswunne
1647 3054 1694 3112 eii
1704 3062 1758 3112 ’bon
1793 3059 1846 3136 *pte
1881 3074 1914 3109 on
1972 3062 2051 3108 irtama

170 3141 270 3206 stultis
301 3140 559 3205 sollicitudinibus
683 3137 801 3202 seducti
923 3139 1110 3204 excederent
1147 3162 1166 3202 a
1224 3141 1353 3204 ueritate
1420 3140 1595 3205 elaboraret
1647 3141 1759 3205 dehinc
1807 3148 1841 3202 ut
1882 3139 1913 3201 in
1933 3137 2084 3225 principio

154 3312 294 3375 godepeiiaa
384 3311 428 3359 ioli
500 3309 558 3359 mie
576 3309 704 3358 accennise
740 3297 764 3359 l'e
784 3309 949 3370 ondiengcai
983 3319 1009 3360 to
1029 3246 1094 3361 idm
1147 3311 1260 3376 godepell
1353 3316 1436 3363 awrita
1514 3312 1530 3370 Ἰ
1585 3327 1616 3360 on
1655 3312 1720 3363 ’dam
1756 3327 1782 3362 ee
1800 3324 1917 3372 gecorene
1972 3312 2056 3359 aurite

155 3390 309 3476 euangelii
329 3388 479 3454 Iohannis
521 3386 679 3450 natiuitate
758 3398 935 3472 praesumta
1015 3391 1064 3452 oui
1105 3389 1301 3475 euangelium
1323 3392 1460 3456 scribens
1502 3404 1532 3455 et
1580 3393 1611 3455 in
1654 3413 1715 3478 quo
1782 3390 1896 3454 electus
1937 3389 2083 3452 scriberet

154 3494 224 3628 {pstea
293 3565 361 3613 iahta
417 3561 532 3624 geneda
549 3560 561 3606 i
577 3555 718 3622 retrimede
756 3558 772 3618 1
812 3562 839 3609 iu
883 3561 934 3609 him
986 3561 1110 3622 gaiyliedo
1152 3507 1235 3627 'araon
1253 3562 1325 3612 ’cate
1372 3577 1452 3612 weron
1488 3566 1524 3612 iro
1564 3563 1628 3612 cert
1669 3563 1778 3623 ongindo
1815 3560 1880 3611 bem
1920 3549 1990 3609 ibon
2033 3549 2080 3608 uti

176 3655 206 3709 et
244 3642 393 3708 indicaret
476 3650 648 3706 contestans
748 3648 779 3703 et
808 3639 841 3701 in
887 3661 921 3703 se
965 3640 1116 3727 completa
1144 3661 1210 3705 esse
1245 3663 1323 3726 quae
1349 3650 1451 3706 essent
1480 3642 1520 3706 ab
1556 3641 1622 3731 aljis
1655 3642 1783 3705 incoata.
1813 3640 1862 3704 cui
1913 3639 1983 3703 ideo
2014 3647 2085 3726 post
2106 3639 2145 3701 15

197 3779 309 3830 inluihti
362 3791 429 3828 sunu
465 3776 542 3840 godae
577 3777 613 3824 irc
696 3774 798 3834 enduug
902 3788 1031 3825 aneureeee
1094 3790 1125 3824 on
1174 3777 1234 3824 crist
1290 3777 1397 3838 gaiyilad
1457 3778 1544 3839 gesoht
1563 3790 1625 3826 vero
1665 3778 1701 3825 no
1763 3778 1844 3825 iruma
1939 3775 2067 3824 accenniea

156 3858 342 3945 baptismum
366 3857 423 3921 filii
489 3842 526 3920 di
584 3877 603 3918 a
636 3853 832 3941 perfeccione
851 3855 1059 3939 generationis
1094 3853 1128 3916 in
1163 3852 1237 3939 Xpo
1275 3856 1408 3942 impletae
1449 3856 1634 3943 repetendae
1672 3878 1690 3919 a
1732 3855 1882 3942 principio
1919 3853 2085 3918 natiuitatis

159 3995 212 4044 'tres
228 3998 369 4044 manniaces
422 3992 469 4042 'eie
488 3991 561 4040 maht
596 3989 755 4052 ’berhgeieisd
790 4005 846 4040 was
881 3991 933 4066 jeta
975 3992 1041 4042 ³carru
1061 3992 1186 4041 soecendu
1276 3992 1386 4055 geaauda
1454 3995 1481 4042 in
1508 3992 1574 4044 bem
1654 3994 1768 4053 oigenom
2026 4002 2079 4038 was

188 4073 340 4136 humanae
423 4080 556 4157 potestas
597 4069 747 4157 permissa
793 4080 839 4135 est
888 4080 922 4135 ut
961 4069 1186 4155 requirentibus
1207 4070 1432 4136 demonstraret
1452 4073 1483 4134 in
1512 4092 1574 4157 quo
1595 4067 1891 4160 apraehendens[fol.
1912 4067 2086 4156 130b]e1·at

328 4220 395 4256 auuu
456 4208 537 4268 iunge
586 4205 639 4255 'tas
656 4174 776 4256 lorneiide
803 4210 829 4257 iu
856 4205 906 4268 god
977 4218 1095 4255 cneoreso
1162 4206 1326 4257 toeendeito
1370 4211 1395 4257 iri
1617 4208 1695 4269 godes
1748 4206 1846 4255 bodade
1899 4208 1925 4256 in
1977 4220 2081 4256 mounes

159 4285 296 4350 Natham
316 4283 414 4347 filium
434 4284 561 4348 introire
604 4285 754 4349 currentis
794 4285 827 4347 in
849 4284 901 4348 dn
922 4283 1129 4370 generationis
1178 4283 1311 4349 admisso
1374 4286 1598 4373 indisparabilis
1644 4275 1680 4349 di
1718 4286 1879 4372 predicans
1900 4287 1931 4349 in
1953 4285 2086 4352 hominis

160 4469 262 4518 geenne
301 4456 327 4504 in
362 4455 416 4504 him
451 4453 514 4504 ’terh
560 4466 628 4502 annu
694 4454 758 4515 dyde
811 4455 874 4505 aelia
915 4455 979 4506 ’berh
1008 4454 1091 4504 dauib
1129 4453 1196 4503 bone
1215 4454 1289 4505 iader
1320 4498 1322 4502 ,
1348 4457 1469 4518 cymandh
1525 4456 1668 4519 gairahtade
1685 4458 1697 4504 i
1713 4391 1827 4507 toaceaiib
1864 4461 1891 4507 in
1931 4459 1990 4507 crist
2025 4456 2090 4506 bam

160 4534 262 4600 redire
295 4534 326 4596 in
374 4553 408 4598 se
455 4553 512 4618 per
538 4531 638 4595 filium
665 4534 780 4598 iaceret
814 4536 867 4620 qui
915 4556 971 4621 per
991 4532 1098 4598 Dauid
1149 4544 1268 4620 patrem
1309 4538 1502 4602 uenientibus
1563 4536 1784 4622 interpretabat
1862 4538 1894 4599 in
1922 4535 2005 4620 Xpo.
2033 4534 2081 4597 cui

193 4673 234 4720 iiic
261 4684 292 4721 na
309 4671 331 4719 is
382 4682 484 4732 uneynn
546 4682 590 4731 gea
668 4668 736 4718 esra
753 4670 846 4718 writtra
937 4671 1074 4732 apostolica
1155 4670 1258 4719 wandra
1326 4672 1399 4721 rueht
1456 4673 1483 4721 in
1528 4673 1618 4734 rynet
1660 4672 1708 4722 bi’e
1727 4672 1781 4720 said
1806 4669 1858 4747 ¹]5ta
1886 4671 1949 4733 gode
1979 4683 2010 4718 on
2043 4669 2092 4731 god

159 4751 253 4815 liucae
269 4771 333 4814 non
350 4749 491 4814 inmerito
510 4748 601 4813 etiam
621 4749 856 4814 scribendorum
876 4748 1115 4836 apostolicorum
1136 4759 1260 4813 actuum
1286 4761 1419 4836 potestas
1446 4751 1478 4814 in
1499 4751 1636 4815 misterio
1668 4751 1760 4815 datur
1808 4760 1842 4814 ut
1895 4749 1936 4813 de
1973 4749 2005 4812 in
2033 4749 2086 4813 dih
2109 4748 2151 4811 20

183 4884 230 4933 inii
281 4879 297 4942 Ἰ
335 4896 397 4932 aune
466 4884 557 4933 selenis
621 4882 759 4944 gedryaued
776 4884 789 4932 i
805 4885 918 4947 gaendad
971 4885 1050 4946 gebed
1109 4887 1224 4950 apostola
1259 4888 1390 4948 gewcrdna
1424 4886 1481 4937 mi’6
1499 4886 1559 4937 hlod
1596 4887 1706 4937 drihtnee
1747 4896 1889 4948 ‘gecorenee
1985 4885 2021 4933 iai

160 4962 253 5048 pleno
275 4973 306 5028 et
332 4963 396 5027 filio
417 4962 601 5049 proditionis
697 4963 832 5029 extincto
937 4965 1074 5030 oratione
1095 4965 1241 5052 apostolis
1282 4965 1363 5029 facta
1448 4976 1531 5031 sorte
1619 4966 1671 5030 dni
1748 4964 1904 5031 electionis
1942 4985 2089 5029 numerus

224 5104 242 5145 i.
261 5104 281 5146 t.
294 5105 308 5147 i.
322 5106 414 5147 natione
428 5104 634 5151 latiomaus-i.
647 5109 677 5151 ad
690 5109 908 5153 consummationem.
935 5112 954 5155 e.
971 5113 986 5155 i.
1001 5113 1115 5167 Bithynia.
1140 5115 1159 5154 7.
1172 5113 1188 5156 i.
1203 5113 1295 5155 Iudaea.
1317 5112 1337 5155 9.
1350 5112 1450 5155 acrihata
1462 5112 1509 5157 lis.
1538 5113 1569 5155 ii.
1583 5113 1598 5156 1.
1613 5113 1832 5168 galerannus-i.
1846 5113 1989 5156 manifestata
2006 5113 2150 5155 humanitate.

261 5170 427 5214 ¹2.1.aateau.
451 5171 731 5218 1³.1.soiiieitatioaitua.
746 5176 883 5218 exciderent.
910 5178 942 5220 ie.
956 5179 971 5220 i.
985 5179 1128 5232 euangelium
1143 5178 1261 5221 scriberet
1286 5178 1317 5220 ¹6.
1331 5178 1346 5220 i.
1359 5178 1506 5231 perieciiaue.
1533 5180 1565 5220 ii.
1579 5191 1607 5233 ga
1621 5181 1693 5222 caude
1706 5180 1752 5224 lis.
1766 5178 1817 5220 -1,
1831 5178 2012 5232 apprehendens.
2037 5176 2069 5219 ia
2083 5178 2097 5220 Ι.
2110 5187 2151 5230 per

260 5235 349 5278 Nathan
366 5238 435 5280 iiiluna
453 5239 526 5281 Dauid
546 5239 639 5282 iruulta
660 5242 805 5284 resonantia.
827 5242 850 5283 in
869 5242 1002 5286 homiaihua.
1033 5244 1064 5287 19.
1083 5244 1195 5287 Christum
1213 5254 1277 5287 suum
1295 5243 1391 5298 perlecti
1408 5254 1464 5298 epae
1481 5245 1578 5288 hominia
1598 5245 1681 5287 redire.
1704 5245 1746 5286 iter
1764 5242 1894 5296 praebebat.
1929 5243 1961 5285 et.
1980 5244 1995 5285 1.
2016 5241 2149 5296 perditionis

261 5299 291 5341 ah
303 5302 417 5353 apostolia.
432 5313 538 5348 numerus
551 5305 708 5358 compleretur.
