4748 6098
1060 398 1197 448 --pv
1250 419 1296 429 .-

314 569 494 655 Sequuntur
513 569 636 654 glossae
659 570 811 655 evangelii
831 569 928 633 Marci
946 591 1087 634 sermone
1110 569 1418 655 Northanhymbrico
1448 571 1649 655 compositae,
1672 571 1778 655 quales
1799 572 1831 632 in
1853 572 1958 636 codice
1979 571 2183 640 bibliothecae

186 667 377 732 Bodleianae
407 666 611 747 Oxoniensis,
641 668 766 731 nomina
793 667 1004 732 Rushworthii
1033 668 1133 748 claro,
1161 676 1296 747 exstem,
1326 688 1364 730 ex
1386 668 1566 752 apographo
1588 668 1768 732 Beniamini
1798 668 1918 753 Tlorpe
1945 690 2028 733 nunc
2048 671 2183 758 primum

186 766 295 831 editae.
339 766 389 830 De
418 766 578 847 affinitate,
609 788 670 851 qua
698 767 798 832 codex
824 765 1102 830 Rushworthianus
1129 787 1199 829 cum
1228 763 1488 828 Lindisfameensi
1520 767 1699 829 coniunctus
1728 778 1789 847 est,
1825 768 1857 829 in
1885 767 1965 830 libro
1994 789 2065 833 meo
2091 793 2184 856 supra

186 873 357 929 memorato
387 864 526 927 disserui.
568 863 642 928 Hoc
669 864 739 929 loeo
768 864 808 928 ad
837 886 889 945 ea,
919 887 998 949 quae
1032 863 1202 941 Wanleies,
1221 856 1263 925 ’ἱη
1292 862 1495 927 describendo
1525 864 1633 928 eodem
1664 864 1786 944 codice,
1819 866 1976 952 exposuit,
2004 867 2066 933 hoc
2088 889 2184 932 unum

187 961 359 1026 addiderim
386 961 482 1046 (quod
503 960 707 1027 Beniaminus
732 963 852 1048 Thorpe
879 973 995 1050 primus
1022 961 1263 1044 animadvertit),
1293 962 1389 1025 verba
1415 962 1549 1047 margini
1578 963 1728 1048 superiori
1757 963 1889 1048 paginae
1917 964 2030 1028 codicis
2058 967 2184 1031 ultimae

187 1059 341 1146 adscripta
369 1060 509 1144 rhythmi
541 1061 639 1125 rarius
674 1061 830 1146 quoddam
857 1082 956 1147 genus
989 1060 1152 1140 exhibere,
1181 1059 1402 1137 assonantiam,
1435 1070 1469 1122 ut
1496 1058 1537 1121 ita
1564 1058 1680 1141 dicam,
1709 1060 1892 1146 implexam,
1922 1072 2014 1146 atque
2042 1064 2085 1126 ita
2117 1087 2184 1129 esse

188 1157 337 1245 legenda:

684 1260 762 1325 haeie
784 1263 827 1324 nil
848 1259 904 1323 boc
925 1257 1087 1321 awritone·
1111 1258 1205 1320 brues
1226 1255 1295 1335 mih
1315 1256 1415 1318 willa·

690 1357 791 1442 aymle
812 1357 880 1424 mih
903 1358 1019 1423 sd'oum
1037 1354 1170 1440 giledfa·
1193 1354 1240 1418 sib
1262 1355 1288 1417 is
1312 1355 1461 1439 eghwhm
1483 1355 1601 1420 leofest.

311 1469 391 1534 Inde
418 1480 517 1556 patet,
544 1491 579 1534 ea
607 1493 669 1533 non
698 1471 863 1535 cohaerere
887 1491 957 1533 cum
984 1469 1199 1555 inscriptione,
1229 1468 1260 1532 in
1290 1469 1430 1554 margine
1457 1470 1602 1534 inferiore
1628 1469 1761 1554 paginae
1788 1469 2011 1555 paenultimao,
2038 1470 2124 1537 hunc
2150 1473 2182 1534 in

190 1569 318 1634 modum
340 1590 501 1655 expressa:

682 1669 726 1733 'oe
748 1669 813 1729 min
834 1666 949 1730 brucho
969 1665 1095 1752 gibidde
1115 1666 1183 1730 fore
1204 1666 1297 1729 owiin
1319 1669 1364 1732 ’oe
1385 1666 1444 1731 ’ets
1465 1665 1521 1729 boc

679 1764 808 1850 gloesde
829 1764 957 1829 foermon
978 1766 1061 1830 'edm
1082 1768 1205 1850 predste
1224 1774 1262 1829 aet
1283 1764 1469 1843 hdrawuda;

189 1882 267 1947 haec
288 1881 369 1945 enim
391 1880 602 1967 imperfectum
624 1881 789 1945 ostendunt
809 1880 1007 1966 rhythmum,
1029 1879 1079 1943 vel
1101 1901 1227 1967 prorsus
1250 1879 1379 1942 nullum.
1422 1877 1533 1965 Neque
1554 1880 1614 1943 hoe
1634 1877 1835 1942 omittendum
1851 1900 1918 1943 esse
1931 1881 2051 1966 putavi,
2069 1904 2181 1946 nomen

191 1978 381 2056 Formosam,
412 1977 496 2063 quod
517 1976 860 2062 Northanhymbricum
888 1998 956 2042 esse
985 1977 1121 2058 videtur,
1153 1999 1203 2041 me
1229 1976 1325 2042 semel
1348 1985 1467 2041 tantum
1496 1978 1649 2064 reperisse
1669 1978 1701 2039 in
1724 1975 1804 2040 libro
1831 1977 1912 2040 vitae
1939 1976 2143 2044 Dunelmensi
2164 2006 2182 2043 a

189 2076 322 2162 Joscpho
344 2076 507 2141 dtmcnaoo
528 2077 609 2141 edito
626 2099 657 2162 p.
679 2076 729 2141 45.

309 2176 472 2240 Postremo
494 2197 562 2254 eos,
588 2174 656 2259 qui,
677 2173 829 2260 glossario
850 2173 894 2237 uti
915 2173 1036 2255 volout,
1064 2174 1231 2254 admoneo,
1262 2195 1353 2238 voces
1382 2173 1511 2260 syllabis
1532 2197 1551 2236 a
1572 2173 1657 2237 dom
1685 2173 1759 2237 hed
1790 2174 1899 2259 seipe
1927 2173 2098 2240 desinentes
2120 2198 2181 2240 ma-

186 2273 295 2338 sculini
323 2294 390 2337 esse
417 2274 557 2360 generis,
595 2273 627 2335 in
661 2294 740 2358 ung
767 2282 798 2336 et
825 2293 893 2337 nes
925 2272 1035 2358 (nys)
1065 2281 1211 2337 exeuntes
1239 2272 1394 2352 feminini,
1423 2283 1515 2359 atque
1542 2273 1693 2338 vocabula
1721 2294 1791 2336 cum
1823 2272 1950 2359 syllabis
1978 2274 2122 2360 praeforis
2150 2285 2180 2337 et

186 2371 344 2459 particulis
364 2374 383 2433 t
404 2382 448 2434 aet
475 2370 521 2435 be
548 2370 612 2434 for
632 2370 715 2435 fore
737 2372 843 2456 geio
864 2370 942 2435 mid
964 2372 1005 2434 of
1027 2371 1113 2435 ofer
1136 2391 1184 2434 on
1212 2391 1254 2434 or
1280 2373 1317 2434 to
1344 2371 1388 2435 uf
1406 2372 1507 2455 (use)
1528 2395 1577 2437 un
1604 2371 1731 2436 under
1758 2393 1806 2457 up
1833 2374 1875 2436 et
1901 2375 1952 2441 ἠδ
1979 2372 2077 2458 purh
2098 2394 2179 2436 eom·

186 2469 286 2557 posita
306 2469 338 2532 in
357 2469 546 2556 simplicibus
567 2491 635 2533 esse
657 2468 839 2554 quaerenda.
