4748 6098
1076 326 1326 400 ...16-

284 524 351 572 cua’t
391 526 458 571 atter
527 486 632 585 cydoniae
751 527 843 572 writtes
1048 526 1076 572 in
1093 525 1176 586 hrtnig
1210 525 1287 573 tiaras
1341 523 1398 573 mi’t
1415 524 1503 584 recing
1555 524 1693 584 gebccnada
1739 519 1754 579 Ἰ
1805 521 1838 570 lia
1858 521 1953 582 ³dagnus
2000 523 2183 584 monigtaldltca

263 602 368 667 dicens
389 609 459 688 post
478 602 686 665 testimonium
707 601 883 665 auditurae.
910 602 1020 666 Iudam
1050 601 1168 665 intincti
1198 602 1285 689 panis
1319 601 1512 687 porrectione
1542 601 1693 687 signifieat
1724 612 1754 665 et
1785 600 1949 686 discipulos
1985 600 2194 687 multipliciter

266 737 391 799 getrymed
408 737 457 785 bie
642 751 673 785 ne
709 737 745 784 aio
764 737 876 798 gestyrad
912 736 996 786 haarta
1048 740 1128 786 iuarre
1181 737 1253 787 eune
1290 735 1356 786 cem
1376 736 1489 796 ’tegnum
1532 736 1555 783 tc
1603 751 1643 783 am
1678 749 1742 795 uoeg
1776 734 1948 784 soeiaeatnisse
1982 732 1999 794 Ἰ
2053 737 2085 785 lit
2129 737 2192 786 ae’to

276 825 443 881 exortatur.
496 837 594 880 xxxv.
617 813 691 878 Non
723 816 864 879 turbetur
921 838 975 879 cor
1016 826 1153 880 uestrum
1194 817 1236 879 ait
1312 814 1468 900 discipulis
1510 835 1569 899 ego
1591 835 1661 877 sum
1687 813 1739 876 uia
1810 813 1923 877 ueritas
1977 824 2008 879 et
2037 815 2101 879 uita
2139 817 2192 902 qui

260 952 344 1013 gestie
380 966 433 1000 mcc
468 949 558 1012 gesiyt
594 965 628 1001 ac
664 952 732 1001 eone
749 952 824 1001 tader
867 952 890 1000 ie
929 951 955 998 in
992 950 1059 998 tader
1093 945 1109 1008 Ἰ
1145 950 1214 997 tader
1247 953 1275 998 in
1309 963 1362 998 mee
1418 962 1468 996 aue
1485 948 1556 996 hned
1601 949 1641 1010 gie
1659 948 1783 1009 gogiaua't
1819 951 1845 996 tn
1899 962 1973 998 noma
2016 951 2111 997 minum
2139 949 2183 999 ess

264 1030 340 1094 uidit
380 1052 430 1095 me
479 1029 555 1093 uidit
595 1039 626 1092 et
677 1039 804 1115 patrem.
847 1051 906 1115 ego
927 1030 959 1092 in
981 1038 1068 1115 patre
1090 1036 1119 1092 et
1139 1037 1228 1114 pater
1248 1029 1280 1092 in
1304 1050 1363 1092 mc.
1386 1027 1592 1112 quodcunque
1632 1027 1777 1112 petieritis
1818 1027 1850 1089 in
1879 1028 2004 1092 nomine
2029 1050 2099 1092 mco
2130 1029 2194 1093 hoe

261 1183 284 1231 tc
302 1182 374 1230 doam
603 1180 735 1228 infandum
786 1181 844 1228 hina
897 1181 1009 1241 ecgunm
1094 1178 1223 1238 {lbibodo
1293 1180 1444 1227 haldendum
1522 1178 1633 1226 mmmod
1721 1178 1808 1238 ganohi
1860 1181 1924 1227 from
1959 1180 2026 1228 tader
2060 1194 2192 1241 ucarege-

262 1260 381 1323 faciam.
416 1280 536 1329 nxxvr.
558 1258 769 1345 Diligentibua
800 1280 834 1321 se
876 1256 1030 1345 discipulis
1051 1257 1255 1343 mandataque
1275 1258 1468 1321 sernentibus
1487 1256 1676 1345 paracletum
1697 1256 1845 1342 promittit
1887 1281 1905 1319 a
1947 1267 2034 1344 patre
2071 1257 2193 1324 mitten·

265 1411 361 1461 sended
428 1409 588 1468 annande
658 1411 714 1459 mic
750 1412 800 1458 him
836 1410 862 1456 in
932 1423 1018 1457 ecnese
1088 1407 1184 1467 Ἰὶιιιιο
1249 1409 1286 1456 sib
1339 1409 1445 1469 gesealla
1478 1408 1530 1455 him
1597 1403 1672 1464 lsib
1792 1397 1852 1457 itata
1954 1410 2056 1470 gehaten
2073 1412 2121 1462 bie
2138 1412 2150 1459 t
2168 1414 2192 1460 is

224 1493 245 1556 5
279 1490 353 1554 dum
391 1509 632 1574 mansurumque
653 1510 723 1551 cum
754 1489 797 1551 eis
832 1487 865 1550 in
895 1496 1054 1550 aeternum
1085 1508 1180 1571 seque
1208 1507 1316 1574 pacem
1359 1487 1433 1550 dare
1480 1486 1523 1550 eis
1543 1506 1713 1571 pacemque
1733 1486 1907 1572 relinquere
1988 1487 2158 1575 pollicetur.

414 1640 472 1687 hine
507 1640 601 1687 aecltne
736 1636 752 1696 Ἰ
790 1638 859 1688 'dona
876 1639 944 1689 iader
978 1640 1130 1688 londbuand
1165 1638 1302 1688 enecando
1338 1636 1407 1696 1³&
1420 1636 1545 1698 {eiglaicl
1597 1638 1680 1699 palmo
1735 1639 1795 1685 buta
1819 1638 1877 1686 hina
1912 1638 1973 1686 noht
2007 1639 2049 1687 hia
2083 1655 2190 1702 gcuyrea

262 1740 387 1782 xxxvn.
421 1716 464 1783 Se
495 1716 594 1802 ipsum
621 1715 714 1780 uitem
736 1727 767 1779 et
806 1727 926 1803 patrem
974 1717 1142 1803 agricolam
1184 1717 1288 1781 dicens
1315 1715 1542 1804 discipulosque
1560 1715 1700 1801 palmites
1727 1715 1794 1780 sine
1826 1737 1860 1781 se
1898 1717 1975 1780 nihil
1996 1739 2049 1783 eos
2080 1719 2184 1786 lacere

271 1869 347 1915 mage
389 1852 521 1915 getrymee
555 1848 571 1910 Ἰ
608 1853 735 1912 menignm
796 1851 916 1898 reordana
967 1859 1061 1901 costum
1079 1854 1090 1898 i
1108 1855 1193 1900 uisum
1233 1853 1352 1901 tuiiallice
1387 1852 1438 1900 him
1524 1853 1579 1900 lusu
1664 1850 1790 1901 inbeena’d
1827 1852 1879 1902 ’ons
1914 1855 2056 1916 hearnunga
2090 1871 2178 1918 magon

259 1955 349 2020 posse
386 1941 514 1995 testatur
549 1941 578 1993 et
612 1929 716 1993 multis
742 1929 933 1993 locutionum
1014 1930 1113 1994 modis
1208 1930 1359 1997 alternam
1379 1930 1422 1995 eis
1443 1929 1637 1993 dilectionem
1659 1928 1791 1994 inculcat
1812 1929 1897 1994 cuius
1925 1933 2034 1997 merito
2062 1947 2190 2021 possent

292 2082 343 2117 sne
361 2067 435 2115 huaed
486 2067 528 2114 hia
547 2065 666 2127 gebiddaa
717 2066 830 2126 begeatta
1062 2068 1096 2117 ’ta
1113 2068 1161 2116 ilca
1264 2068 1318 2115 luiu
1405 2066 1480 2114 suste
1498 2068 1551 2114 last
1645 2066 1737 2114 bebcad
1859 2072 1885 2115 to
1903 2056 2041 2128 ihygcannc
2099 2072 2178 2122 lara’e

265 2146 482 2233 quodcumque
513 2144 656 2230 petierint
692 2143 865 2224 impetrare.
887 2165 1025 2208 xxxvm.
1039 2144 1180 2210 Eandem
1195 2145 1388 2210 dilectionem
1402 2144 1562 2208 instantius
1583 2144 1801 2208 commendans
1822 2146 2078 2212 contemnendum
2098 2155 2189 2216 docet

266 2285 352 2343 ilungo
387 2282 508 2340 middang
560 2268 658 2327 feruet
726 2279 817 2327 huluco
868 2268 892 2329 fe
950 2280 988 2327 hia
1048 2294 1123 2328 noma
1166 2295 1258 2330 noanon
1302 2281 1417 2330 excundo
1464 2277 1480 2339 Ἰ
1516 2268 1682 2355 ⁴liieuoedne
1761 2277 1863 2327 middafl
1906 2282 1940 2328 tro
1991 2285 2091 2332 rumode
2148 2287 2176 2334 oi

258 2361 364 2426 odium
392 2359 501 2423 mundi
529 2357 698 2444 predicens
720 2356 823 2442 qualia
850 2379 907 2444 pro
935 2357 1000 2422 eius
1028 2359 1153 2422 nomine
1193 2359 1254 2423 sint
1305 2359 1424 2446 passuri
1462 2368 1492 2423 et
1518 2359 1680 2444 arguendir
1733 2357 1884 2423 mundum
1913 2382 1931 2421 a
1959 2361 2108 2446 paracleto
2140 2362 2179 2426 de

282 2508 361 2556 synna
423 2496 450 2541 ot
482 2493 658 2554 syo’dtastnise
692 2491 707 2551 Ἰ
750 2495 777 2540 oi
819 2493 891 2541 dome
967 2494 1089 2545 adeonae
1328 2496 1389 2555 lytle
1407 2496 1475 2543 huila
1514 2492 1530 2553 Ἰ
1568 2509 1655 2555 gesene
1674 2508 1736 2543 wora
1771 2496 1828 2542 hine
1863 2495 1936 2545 cnae’6
1970 2496 2032 2544 irem
2064 2496 2116 2544 him
2152 2496 2168 2555 Ἰ

201 2576 241 2638 10
263 2582 388 2660 peccato
411 2571 451 2635 de
518 2570 631 2635 iustitia
690 2581 720 2637 et
740 2570 780 2636 de
800 2571 912 2635 iudicio
932 2572 1114 2636 manifestat.
1151 2593 1305 2636 annnam.
1324 2571 1482 2636 Modicum
1510 2582 1540 2637 et
1568 2571 1736 2637 uidendum
1789 2592 1822 2635 se
1863 2571 1935 2636 dicit
1982 2572 2022 2638 ab
2069 2574 2111 2638 eis
2152 2587 2184 2641 et

265 2700 364 2757 etiaona
431 2707 535 2768 lythuon
592 2703 609 2764 Ἰ
660 2720 692 2754 ne
744 2719 802 2754 uere
821 2719 908 2767 geaene
953 2709 981 2755 oi
1020 2707 1074 2756 ton
1149 2708 1298 2755 soecendum
1383 2707 1494 2769 {egnum
1602 2709 1698 2769 ongslic
1835 2707 1904 2755 aiios
1979 2698 2027 2756 et't'
2059 2711 2185 2760 acenniase

258 2787 370 2852 iterum
400 2785 557 2849 modicum
589 2795 620 2850 et
651 2806 715 2849 non
746 2783 914 2848 uidendum
948 2784 988 2849 de
1019 2806 1079 2869 quo
1112 2784 1327 2869 quaerentibus
1355 2784 1510 2871 discipulis
1539 2782 1767 2848 similitudinem
1799 2782 1935 2847 mulieris
1963 2795 2033 2871 post
2062 2798 2187 2873 parturn

254 2922 397 2971 unrotntsas
453 2910 476 2970 ia
528 2921 646 2982 glednise
690 2935 720 2969 na
791 2923 825 2969 eit
845 2921 976 2982 gemyndig
1028 2919 1138 2968 iuladae
1174 2919 1210 2967 'ta
1227 2919 1274 2966 ilca
1315 2917 1331 2978 Ἰ
1368 2922 1405 2969 tro
1445 2921 1513 2967 leder
1547 2928 1572 2966 tc
1591 2920 1690 2967 luianne
1742 2920 1862 2979 gebennas
1958 2923 2057 2982 getria'e
2127 2924 2187 2973 hine

256 2999 394 3064 tristitiae
425 3021 501 3085 prae
531 2999 646 3085 gaudio
679 3020 742 3063 non
772 2998 994 3063 reminiscentis
1023 2997 1140 3062 inducit
1189 3020 1266 3084 quos
1307 3010 1338 3063 et
1377 3021 1395 3062 a
1437 3007 1523 3084 patre
1573 2997 1671 3061 amari
1712 2996 1887 3085 significans
1915 3000 2096 3065 corroborat
2131 3024 2166 3067 se

276 3137 311 3183 eit
327 3123 406 3181 iletno
459 3132 541 3181 cuoe’t
576 3134 603 3180 ln
643 3134 747 3181 middari
799 3123 939 3194 olsuioung
981 3135 1020 3192 gia
1037 3133 1121 3182 habat
1157 3133 1187 3182 alr
1247 3133 1346 3195 gaietae
1408 3134 1432 3180 ic
1466 3122 1578 3181 lcuomi
1630 3133 1731 3181 middin
1938 3141 1964 3184 to
2031 3137 2114 3186 taedet
2161 3144 2189 3189 ot

260 3211 423 3277 relicturos
451 3209 556 3274 dicens
577 3211 608 3273 in
636 3208 752 3272 mundo
770 3230 954 3295 pressuram
975 3211 1124 3275 habebitis
1145 3211 1199 3276 sed
1221 3211 1365 3276 confidite
1385 3232 1443 3298 ego
1494 3212 1553 3276 uici
1605 3211 1763 3275 mundum.
1825 3235 1877 3275 xa.
1920 3215 1973 3279 Ad
2004 3227 2124 3301 patrem
2146 3218 2186 3284 de

323 3349 419 3396 breniae
505 3346 543 3394 his
579 3359 684 3408 gesprec
757 3343 853 3404 ’tegnas
904 3343 1080 3408 longunga]
1120 3348 1286 3407 monigtallice
1337 3336 1501 3409 iaaiiiylging
1578 3347 1700 3396 bebeadaa
1767 3349 1893 3412 throunng
1962 3365 2024 3401 sona
2086 3355 2184 3419 mi’c’oy

254 3424 470 3490 clarificatione
491 3447 546 3489 sua
566 3424 696 3510 loquens
717 3422 883 3509 discipulos
902 3424 1024 3510 prolixa
1052 3434 1081 3490 et
1108 3425 1290 3491 multimoda
1309 3426 1522 3512 prosecutione
1542 3425 1737 3491 commendat
1757 3428 1898 3514 passione
1918 3429 2057 3516 protinus
2110 3435 2156 3497 in-

260 3563 385 3623 gebiotata
594 3562 712 3609 seleniscs
780 3557 796 3616 Ἰ
834 3558 980 3621 ³trounngea
1024 3561 1063 3609 his
1100 3561 1162 3611 ’earn
1197 3560 1374 3610 endebredniae
1408 3561 1534 3609 uundrai
1554 3561 1618 3609 dedo
1653 3563 1742 3621 aaaagd
1760 3576 1821 3610 aron
2056 3570 2143 3617 ariam

192 3641 231 3707 15
252 3640 396 3704 minente.
453 3662 519 3701 xor.
552 3637 739 3702 Traditionis
768 3658 805 3699 ac
831 3637 980 3723 passionis
1009 3639 1073 3703 eius
1098 3660 1156 3726 per
1221 3640 1361 3705 ordinem
1463 3649 1550 3725 gesta
1651 3650 1824 3703 narrantur.
1896 3664 1975 3707 xuni.
2017 3645 2182 3713 Resurrec-

417 3774 481 3836 gelie
564 3774 740 3823 aedeaunisei
776 3774 895 3822 ascaadan
913 3776 962 3822 ist
1009 3764 1076 3825 iton
1133 3776 1209 3821 maria
1244 3774 1291 3823 ’oto
1310 3774 1492 3834 magdalenisea
1636 3771 1652 3830 Ἰ
1859 3778 1951 3838 sacge’c
1986 3780 2182 3831 underniomana

250 3853 341 3917 tionis
373 3852 513 3917 similiter
543 3850 746 3915 manifestatio
777 3851 952 3916 declaratur
1010 3853 1082 3938 quia
1119 3851 1219 3916 Maria
1280 3850 1466 3939 Magdalene
1491 3851 1600 3944 *Petro
1629 3862 1659 3916 et
1684 3851 1818 3916 iohanni
1849 3856 1968 3921 nuntiat
2006 3859 2162 3925 sublatum

259 3989 365 4039 liehoma
400 3992 427 4038 ot
502 3989 629 4048 byrgenna
716 3983 784 4034 oeni
883 3987 1032 4034 iomendnm
1111 3982 1128 4044 Ἰ
1165 3986 1200 4033 ait
1218 3986 1363 4036 certandum
1399 3987 1434 4037 ’ea
1451 3987 1500 4034 tloa
1535 3979 1580 4035 eti
1615 3986 1681 4035 aare
1699 3989 1809 4047 angelica
1851 3992 1959 4050 gasit’to
2014 4008 2102 4057 geseno
2145 3999 2181 4045 tro

251 4088 362 4154 corpus
394 4067 433 4131 de
462 4073 663 4130 monumento
696 4063 806 4147 quibus
838 4064 1069 4128 occurrentibus
1105 4084 1142 4126 ae
1200 4067 1331 4130 reuersis
1415 4065 1481 4152 ipsa
1522 4075 1592 4150 post
1622 4053 1793 4151 angelicam
1843 4069 1962 4136 uisione
2008 4073 2108 4138 nisum
2151 4098 2170 4138 a

249 4183 300 4297 laidi
329 4227 397 4284 drilit
431 4236 589 4285 trinwoende
664 4234 766 4283 laeuord
824 4231 919 4294 mie'ty
952 4245 1013 4279 sona
1048 4243 1098 4278 uas
1116 4237 1222 4291 ongetcn
1256 4235 1399 4294 gehatanis
1451 4234 1563 4296 'tegnam
1615 4182 1776 4299 gasaaccqinne
1979 4240 2075 4302 mt’o’oy
2115 4243 2178 4289 duro

250 4336 284 4379 se
315 4313 389 4378 drim
437 4314 580 4376 estimans
600 4314 800 4378 hortulanum
834 4335 896 4398 quo
938 4333 1012 4375 mox
1070 4310 1193 4397 cognito
1260 4310 1382 4375 iubetur
1422 4311 1577 4400 discipulis
1619 4313 1767 4376 nuntiare.
1842 4335 1935 4379 xa111.
1978 4316 2059 4383 Cum
2096 4320 2178 4383 fores

259 4463 353 4500 uoercn
397 4448 476 4510 tyndc
530 4462 636 4497 cuomon
674 4457 700 4497 to
737 4450 803 4500 eam
821 4448 934 4508 'segnem
968 4446 1023 4494 slbb
1064 4446 1180 4506 gebrohta
1215 4445 1271 4494 mi’t
1289 4446 1400 4495 tondum
1433 4445 1547 4510 iurgia
1580 4449 1676 4509 miter
1695 4450 1811 4499 edeanda
1846 4453 1873 4498 ct
1889 4451 1955 4501 ³§tarn
1989 4454 2017 4502 in
2040 4455 2169 4515 inblauing

254 4538 356 4596 essem
377 4527 500 4592 clausae
522 4527 648 4591 ueniens
669 4527 709 4591 ad
757 4526 923 4612 discipulos
944 4545 1052 4611 pacem
1078 4525 1170 4589 infert
1230 4525 1372 4588 manibus
1410 4525 1567 4612 lateraque
1609 4538 1777 4593 monstrato
1830 4530 1950 4614 ¹quibus
1985 4531 2179 4599 insultatione

264 4661 393 4726 gabaona’t
435 4668 489 4722 gast
523 4659 591 4720 halig
630 4664 664 4708 cit
716 4651 763 4711 aii
797 4660 888 4720 dagam
913 4660 996 4708 ehtuu
1184 4658 1332 4719 insceaunge
1389 4661 1401 4707 t
1434 4661 1491 4711 mie
1503 4662 1801 4726 nmgimi’esygehrm
1828 4663 1893 4713 dem
1905 4664 1966 4715 sien
2060 4669 2144 4718 honde

187 4745 229 4807 20
250 4744 403 4828 significat
423 4746 491 4826 spina
521 4746 586 4802 scm
608 4740 681 4803 item
701 4747 771 4824 post
811 4738 875 4802 dies
917 4749 986 4803 octo
1007 4737 1145 4802 Thomas
1158 4735 1346 4823 inspectione
1367 4739 1418 4804 uel
1568 4753 1650 4808 tactu
1840 4743 1943 4808 lateris
1976 4767 2177 4812 ecmannum

248 4876 432 4940 atnegetrymed
451 4890 502 4925 uas
536 4872 684 4950 *bgcherde
719 4871 896 4933 aragoniam
932 4871 1005 4923 ’δι’ὁο
1039 4888 1070 4923 na
1123 4884 1229 4933 geacgcn
1271 4868 1288 4930 Ἰ
1359 4874 1475 4935 galardon
1767 4878 1882 4928 adeunda
1922 4880 1981 4928 hine
2014 4873 2113 4930 esisona
2148 4893 2175 4932 to

275 4957 474 5021 confirmatur
550 4953 677 5018 audiens
771 4951 850 5016 beati
942 4952 994 5037 qui
1018 4972 1082 5016 non
1103 4950 1247 5015 uiderunt
1268 4960 1298 5014 et
1318 4953 1523 5020 erediderunt.
1586 4981 1692 5020 aaran.
1730 4955 1907 5023 Manifestat
1936 4978 1970 5022 se
2002 4957 2175 5024 iterumad

230 5144 251 5188 7.
269 5142 286 5186 1.
304 5152 436 5199 comenge.
472 5143 495 5188 9.
510 5141 529 5188 ⁴1.
549 5139 686 5189 tronenda.
723 5143 761 5187 10.
779 5140 795 5186 1.
812 5138 978 5188 soetastnisa.
1016 5142 1054 5188 12.
1072 5140 1088 5186 l.
1106 5137 1272 5198 gammae.
1310 5144 1349 5188 lt.
1368 5143 1384 5188 l.
1401 5143 1526 5192 brehtnisc
1546 5145 1557 5192 t
1575 5145 1705 5194 barhtniec.
1727 5147 1857 5209 orowung.
1887 5151 1924 5195 16.
1945 5147 1982 5196 ad
2000 5149 2101 5199 munna
2120 5151 2171 5202 lis.

270 5228 299 5273 ut
315 5237 414 5285 senipeta
452 5227 492 5273 18.
510 5225 526 5275 t
545 5237 598 5273 assa
617 5223 751 5275 existimat
770 5223 844 5284 misy
864 5223 915 5275 MS.
