4748 6098
1049 308 1297 382 ..44-

236 511 285 559 nis
300 511 423 571 giherdun
446 486 514 559 vhino
550 507 625 584 *phe
643 521 705 556 wore
835 503 851 564 Ἰ
919 522 968 555 swa
986 507 1078 556 hwider
1132 509 1158 555 ln
1176 509 1259 556 toerde
1301 510 1327 556 ln
1371 507 1432 556 lond
1495 507 1507 553 t
1562 507 1589 553 in
1623 507 1725 567 gimeru
1776 506 1789 553 1
1840 509 1866 554 lu
1883 510 1965 554 anano
1999 507 2025 554 in
2061 506 2167 568 plerum

249 588 415 653 audiebant
451 610 522 652 eum
584 609 658 652 esse.
753 585 803 650 56.
825 583 866 647 Et
898 606 1092 670 quocumque
1121 585 1267 651 introibat
1297 585 1330 649 in
1361 586 1446 650 nicos
1478 585 1527 649 uel
1559 586 1592 647 in
1629 584 1719 648 uillas
1756 593 1810 648 aut
1831 585 1967 648 ciuitates
1995 584 2026 647 in
2057 583 2166 670 plateis

275 731 357 773 senon
416 723 452 772 ’ta
470 717 662 784 untrymigu]
766 720 875 782 gibedun
967 720 1023 769 bine
1064 719 1116 794 pto
1172 721 1184 767 1
1273 721 1331 768 fere
1423 722 1546 781 giuedum
1604 722 1643 769 hir
1696 722 1826 781 gibrionon
1871 719 1887 780 Ἰ
1924 735 1973 768 swa
1991 722 2056 769 oftor
2090 721 2169 782 gibri-

239 803 396 889 ponebant
447 802 585 865 infirmos
645 811 676 864 et
696 800 941 886 deprecabantur
961 821 1031 864 eum
1075 810 1109 864 ut
1148 797 1199 863 uel
1220 798 1372 864 fimbriam
1395 801 1566 865 uestimenti
1587 801 1652 864 eius
1679 810 1843 886 tangerent
1864 811 1894 864 et
1918 809 2069 885 quotquot
2103 809 2169 862 tan·

264 947 332 983 onun
398 938 450 984 him
497 937 552 986 bale
594 936 724 997 giwurdun

243 1015 359 1100 gebant
391 1036 461 1077 eum
489 1014 567 1079 salui
594 1015 718 1079 fiebant.

630 1147 646 1208 Ἰ
684 1151 740 1200 mib
759 1150 795 1211 ’ey
814 1164 903 1199 comen
937 1157 963 1198 to
1004 1149 1056 1196 blm
1114 1147 1222 1198 'baddo
1265 1146 1281 1208 Ἰ
1319 1162 1388 1198 cume
1407 1148 1470 1199 obre
1505 1152 1533 1198 ot
1564 1150 1701 1200 uenenum
1735 1152 1853 1213 eymardo
1887 1154 1952 1199 nom
1986 1150 2135 1199 hierusalem

365 1227 441 1315 Cap.
466 1229 539 1292 VII.
564 1232 591 1292 l.
614 1228 656 1292 Et
699 1229 885 1292 conueniunt
926 1226 965 1289 ad
986 1247 1057 1290 enm
1084 1226 1237 1314 pharisaei
1259 1236 1289 1291 et
1326 1227 1452 1312 quidam
1490 1228 1530 1292 de
1576 1230 1684 1295 scribis
1712 1229 1869 1294 uenientes
1890 1229 1930 1294 ab
1956 1228 2172 1314 Ierosolymis.

306 1363 323 1426 Ἰ
360 1366 418 1415 mi'b
430 1366 466 1428 ’by
517 1371 621 1429 giaegun
674 1381 743 1415 sume
757 1366 819 1415 obre
860 1369 887 1414 ot
938 1364 1050 1423 bognum
1109 1364 1148 1412 his
1205 1364 1373 1425 gimotelleum
1413 1363 1591 1413 mi'ehondum
1636 1365 1689 1414 'tet
1722 1367 1744 1414 ls
1778 1365 1956 1428 unewagnum
2033 1372 2101 1414 eous

200 1445 270 1508 52.
296 1444 335 1511 Et
373 1467 443 1508 cum
498 1445 643 1509 uidissent
669 1445 818 1530 quosdam
850 1464 889 1506 ex
916 1441 1071 1524 discipulis
1093 1442 1157 1506 eius
1179 1444 1392 1507 communibus
1432 1443 1573 1507 manibus
1646 1444 1677 1507 id
1709 1453 1755 1509 est
1786 1466 1850 1509 non
1871 1445 1941 1509 lotis
1983 1444 2173 1508 manducare

248 1580 326 1628 hletae
389 1582 425 1628 tor
443 1581 545 1629 owedun
565 1583 610 1628 hire
791 1577 851 1627 uldu
1047 1575 1063 1636 Ἰ
1132 1579 1180 1626 allo
1250 1577 1335 1627 iudeus
1374 1581 1436 1627 buta
1485 1580 1551 1627 ottor
1593 1579 1731 1642 gt’bwognn
1771 1580 1854 1628 honde
1908 1593 1940 1627 ne
2043 1586 2101 1628 aton

243 1679 337 1743 panes
369 1660 628 1743 uituperauernnt.
681 1660 711 1721 3.
732 1657 891 1721 Pharisaei
926 1656 1009 1720 enim
1040 1667 1070 1721 et
1099 1679 1205 1722 omnes
1235 1657 1344 1722 Iudaei
1376 1659 1432 1721 nisi
1462 1658 1570 1722 crebro
1596 1658 1729 1721 lauerint
1754 1680 1863 1721 manus
1892 1679 1955 1721 non
1983 1657 2174 1721 manducant

248 1795 380 1855 giheoldon
416 1800 535 1842 settnesae
554 1796 566 1842 1
583 1796 690 1844 semesae
762 1794 836 1841 aldra
988 1791 1004 1852 Ἰ
1040 1796 1104 1842 lrom
1136 1794 1199 1855 'ting
1212 1800 1288 1843 atowe
1315 1809 1341 1843 se
1427 1793 1544 1854 gisulvad
1627 1806 1659 1840 ne
1764 1798 1824 1840 etun
1914 1788 1929 1849 Ἰ
1968 1791 2032 1840 obre
2066 1795 2173 1853 monta

244 1881 380 1936 tenentes
456 1872 652 1937 traditionem
714 1872 879 1936 seniorum.
922 1873 951 1933 4.
974 1870 1016 1934 Et
1060 1894 1079 1935 a
1172 1872 1241 1937 foro
1304 1872 1363 1935 nisi
1390 1871 1584 1957 baptizentur
1611 1893 1675 1935 non
1709 1868 1875 1935 comedunt
1903 1880 1933 1934 et
1966 1870 2026 1932 alia
2075 1870 2175 1934 multa

242 2006 333 2054 sindun
370 2007 452 2057 'babo
502 2009 582 2068 gisald
635 2022 694 2056 arun
730 2008 781 2054 him
816 2014 841 2054 to
860 2008 980 2055 haldenne
1048 2007 1145 2056 fulwiht
1235 2008 1311 2056 calice
1368 2004 1384 2065 Ἰ
1422 2009 1514 2056 onbora
1532 2008 1602 2055 biota
1641 2002 1657 2063 Ἰ

251 2094 323 2149 sunt
372 2107 451 2170 quae
482 2087 594 2150 tradita
628 2095 699 2149 sunt
726 2086 786 2148 illis
838 2108 962 2150 seruare
1003 2085 1185 2172 baptismata
1206 2086 1336 2150 calicum
1362 2096 1392 2150 et
1433 2106 1597 2150 urceorum
1634 2094 1665 2148 et
1691 2094 1938 2148 aeramentorum
1961 2095 1991 2148 et
2012 2085 2174 2149 lectorum.

311 2219 326 2280 Ἰ
424 2222 525 2282 gifraegn
619 2223 677 2269 hino
726 2221 852 2268 aldormen
896 2218 912 2279 Ἰ
950 2221 1057 2271 υῐνιιιῑιι
1092 2221 1228 2272 enecando
1262 2212 1346 2270 lhwon
1390 2221 1484 2282 'bagnae
1529 2220 1591 2270 ’bine
1622 2234 1653 2268 no
1718 2232 1813 2280 gorges
1879 2222 1946 2269 atter
2006 2220 2139 2281 glsetnisoo

243 2304 272 2366 5.
294 2301 336 2365 Et
356 2300 589 2384 interrogabant
610 2322 680 2362 enm
709 2298 861 2384 pharisaei
883 2310 912 2362 et
939 2301 1058 2365 scribae
1084 2301 1219 2366 dicentes
1252 2322 1347 2386 qnare
1367 2299 1508 2387 discipuli
1536 2300 1579 2364 tui
1607 2320 1671 2362 non
1692 2299 1851 2362 ambulant
1870 2300 1957 2362 iuxta
1977 2298 2177 2363 traditionem

285 2437 359 2485 caldra
444 2439 474 2484 ab
554 2436 693 2483 unclnnum
777 2436 887 2483 bendum
988 2435 1065 2486 eota'b
1168 2437 1247 2485 hletae
1397 2437 1447 2486 so'o
1488 2436 1518 2482 be
1592 2431 1709 2492 Ἰποῐᾶο
1779 2433 1857 2482 cwae'o
1892 2433 1945 2480 him
1979 2433 2072 2482 turbon
2106 2435 2157 2482 wel

184 2515 225 2578 10
245 2516 401 2580 seniorum
436 2514 490 2579 sed
521 2515 733 2579 communibus
763 2514 904 2577 manibus
937 2515 1124 2578 manducant
1154 2514 1289 2601 panem?
1341 2515 1370 2578 6.
1402 2516 1449 2578 At
1477 2513 1529 2577 ille
1561 2512 1751 2598 respondens
1784 2512 1863 2576 dixit
1901 2513 1945 2576 eis
1989 2512 2062 2597 quia
2093 2512 2178 2578 bene

277 2652 413 2713 gowitgado
481 2653 558 2699 esaias
599 2654 627 2700 ol
679 2653 725 2698 iow
806 2652 913 2709 legatum
988 2664 1038 2697 swa
1101 2653 1203 2699 awriten
1267 2651 1288 2697 is
1358 2648 1436 2697 selcha
1493 2647 1537 2697 ’bis
1577 2647 1632 2697 mie
1651 2647 1730 2696 mube
1764 2660 1818 2694 meo
1853 2647 1967 2697 'corbas

246 2731 442 2817 prophetauit
471 2729 566 2794 Isaiae
594 2730 634 2793 de
662 2729 750 2793 uobis
778 2727 947 2814 hypocritis
976 2730 1053 2791 sieut
1079 2728 1227 2813 seriptum
1255 2737 1301 2790 est
1327 2727 1459 2812 populus
1486 2726 1538 2789 hio
1606 2726 1695 2790 labiis
1765 2747 1815 2790 me
1842 2726 1976 2792 honorat
1996 2737 2178 2791 rorantem

1411 2861 1511 2922 gilerds
1598 2862 1685 2910 larvas
1751 2858 1767 2919 Ἰ
1847 2863 1941 2912 bibodu
2038 2875 2134 2911 monna

248 2964 352 3008 eorum
385 2944 479 3028 longe
510 2953 556 3007 est
586 2966 606 3006 a
624 2963 694 3042 ¹me.
754 2943 781 3003 7.
813 2941 853 3005 In
885 2964 999 3005 uanum
1031 2951 1132 3005 autem
1164 2962 1215 3006 me
1247 2940 1353 3006 colunt
1383 2941 1526 3005 docentes
1558 2940 1713 3005 doctrinas
1744 2950 1775 3004 et
1804 2950 1969 3028 praecepta
2001 2941 2177 3006 hominum.

314 3081 348 3126 eit
365 3078 501 3126 forleortun
561 3078 619 3125 hino
686 3077 780 3124 bibodu
841 3080 917 3138 godes
952 3077 1063 3137 gibelden
1133 3078 1236 3126 sotniese
1344 3090 1437 3125 monna
1543 3077 1641 3124 tulwiht
1709 3080 1803 3126 oubora
1821 3078 1892 3126 hiera
1933 3073 1949 3136 Ἰ
2011 3077 2095 3127 celim
2150 3074 2170 3136 Ἰ

247 3155 277 3218 8.
297 3154 517 3240 Relinquentes
538 3155 620 3218 enim
642 3155 820 3218 mandatum
851 3155 913 3219 Dei
953 3155 1061 3218 tenetis
1089 3154 1285 3220 traditionem
1313 3155 1474 3219 bominum
1502 3154 1686 3241 baptismata
1723 3176 1886 3219 urceorum
1928 3164 1959 3220 et
1986 3155 2118 3219 calicum
2147 3166 2181 3219 et

247 3290 310 3340 obre
359 3291 433 3352 gillae
476 3290 576 3340 burum
610 3288 740 3338 wundrum
781 3293 865 3352 menig
983 3287 999 3349 Ἰ
1053 3290 1130 3338 rwa’t
1183 3291 1278 3340 tobim
1321 3292 1366 3341 wel
1410 3291 1547 3340 bismerliee
1581 3291 1669 3351 gidoaa
1754 3292 1832 3340 bibod
1916 3291 1993 3353 godes
2026 3290 2078 3367 'pte
2112 3292 2180 3340 sele·

247 3368 307 3432 alia
340 3367 450 3431 similia
507 3368 554 3432 his
633 3368 731 3432 facitis
773 3369 877 3432 multa.
921 3370 950 3433 9.
972 3368 1013 3432 Et
1035 3368 1156 3434 dicebat
1198 3369 1258 3434 illis
1302 3371 1380 3434 bene
1417 3370 1538 3435 irritum
1575 3369 1673 3433 facitis
1693 3379 1890 3457 praeceptum
1921 3371 1983 3436 Dei
2040 3379 2074 3434 ut
2115 3380 2180 3434 tra·

293 3507 360 3554 nisse
445 3507 520 3555 iouer
585 3504 697 3564 gibaldus
838 3518 936 3565 moyses
977 3504 1069 3554 lorbon
1105 3505 1182 3556 anab
1226 3506 1313 3556 wor'oa
1378 3507 1452 3555 iader
1503 3506 1583 3555 bione
1617 3502 1633 3564 Ἰ
1685 3506 1769 3554 moder
1822 3507 1885 3556 'bine
1925 3505 1941 3567 Ἰ
1979 3505 2042 3556 seeo
2095 3509 2161 3555 mic·

186 3585 396 3650 linitionem
415 3594 551 3650 uestram
572 3583 709 3649 seruatis.
753 3584 802 3647 10.
825 3583 950 3668 Moyses
983 3584 1064 3648 enim
1106 3583 1184 3648 dixit
1210 3585 1331 3649 honora
1357 3596 1476 3670 patrem
1499 3593 1583 3647 tuum
1610 3594 1641 3648 et
1661 3596 1791 3650 matrem
1813 3595 1897 3649 tuam
1918 3594 1948 3650 et
1979 3585 2032 3670 qui
2080 3584 2182 3650 male·

256 3738 355 3788 ruebas
407 3737 475 3786 tader
526 3737 539 3784 1
581 3735 682 3786 moeder
714 3736 772 3785 mi’o
791 3735 872 3785 doceo
906 3735 1018 3796 glde’bod
1035 3735 1084 3786 ite
1230 3749 1260 3795 ge
1301 3735 1435 3784 wutudlioo
1470 3735 1585 3783 eusebes
1628 3735 1666 3791 nr
1705 3735 1752 3783 hia
1770 3735 1886 3785 oweobas
1937 3748 1996 3784 mon
2049 3737 2181 3787 sederitis

248 3815 361 3881 dixerit
402 3816 481 3902 patri
507 3815 560 3877 uel
587 3815 678 3878 matri
750 3824 848 3878 morte
918 3815 1077 3878 moriatur.
1137 3814 1186 3874 11.
1210 3812 1276 3878 Uos
1318 3823 1420 3877 autem
1472 3812 1571 3875 dicitis
1630 3812 1656 3873 si
1739 3814 1851 3879 dixerit
1913 3815 2007 3879 homo
2069 3817 2153 3901 patri

270 3968 282 4014 1
325 3968 424 4017 moeder
440 3968 477 4016 his
846 3967 900 4026 gete
951 3963 1004 4040 pta
1021 3977 1073 4014 swa
1089 3963 1160 4013 hunt
1177 3966 1199 4013 ts
1234 3966 1261 4012 oi
1301 3978 1340 4012 me
1392 3963 1425 4012 ’ee
1494 3964 1587 4023 giwexe
1762 3963 1778 4024 Ἰ
1815 3967 1909 4015 lustum
1959 3981 1991 4016 ne
2036 3968 2160 4027 torgeotas

249 4045 300 4109 uel
351 4047 441 4110 matri
505 4046 620 4110 corban
643 4042 726 4128 quod
748 4051 794 4106 eat
814 4042 932 4105 donum
968 4042 1185 4127 quodcumque
1227 4065 1265 4106 ex
1296 4064 1348 4106 me
1380 4042 1434 4105 tibi
1466 4041 1623 4128 profuerit.
1679 4043 1725 4106 12.
1748 4043 1789 4107 Et
1825 4045 1906 4108 ultra
1940 4067 2005 4109 non
2026 4044 2179 4109 dimittitis

260 4194 312 4240 him
395 4199 458 4256 enig
530 4200 635 4260 giwyrca
652 4197 664 4243 1
680 4196 754 4256 gidoe
788 4194 857 4242 leder
891 4194 929 4243 his
980 4195 992 4242 t
1031 4192 1132 4243 moeder
1251 4195 1287 4242 eft
1302 4206 1332 4253 ge
1350 4192 1458 4240 toslitas
1514 4193 1583 4241 word
1633 4194 1709 4253 godor
1745 4195 1807 4245 ’berh
1869 4200 1973 4246 sonnisse
2064 4197 2141 4246 lower

250 4290 320 4334 eum
342 4272 509 4356 quidquam
591 4275 693 4340 facere
784 4274 864 4359 patri
884 4296 940 4337 suo
962 4281 1014 4337 eut
1034 4272 1124 4336 matri
1179 4273 1226 4336 13.
1252 4270 1458 4335 rescindentes
1487 4272 1617 4336 uerbum
1644 4272 1706 4337 Dei
1747 4295 1803 4360 per
1823 4274 2020 4340 traditionem
2040 4284 2176 4340 uesuam

266 4420 334 4471 'bone
390 4421 506 4482 gualdum
561 4421 577 4482 Ἰ
623 4425 704 4473 bielno
781 4426 883 4475 {uelim
944 4425 1025 4474 autea
1042 4426 1146 4486 monlgu
1179 4424 1266 4484 gidose
1410 4418 1426 4479 Ἰ
1462 4429 1488 4472 to
1507 4423 1608 4484 gtoegde
1674 4427 1709 4474 est
1778 4425 1831 4475 ’iet
1848 4428 1897 4476 folo
1948 4428 2027 4477 ovat
2077 4433 2105 4477 to
2121 4426 2178 4475 uim

251 4522 344 4586 quam
364 4499 531 4564 tradidistis
552 4511 582 4565 et
611 4503 722 4566 similia
742 4503 917 4568 huiusmodi
1002 4503 1099 4567 multa
1167 4502 1274 4565 facitis.
1326 4502 1373 4563 14.
1396 4500 1437 4565 Et
1458 4502 1613 4566 aduocaus
1633 4503 1744 4568 iterum
1775 4506 1899 4569 turbam
1927 4505 2048 4570 dicebat
2093 4505 2157 4569 illis

248 4653 345 4715 glirem
362 4667 392 4711 gs
426 4665 480 4700 meo
531 4651 578 4699 alle
628 4653 644 4710 ]
699 4662 817 4714 ongeotas
974 4658 1035 4705 noht
1082 4656 1104 4706 is
1146 4658 1207 4705 buta
1265 4670 1382 4705 monnum
1459 4658 1529 4717 trigas
1595 4657 1621 4704 ln
1661 4658 1719 4706 hine
1766 4657 1818 4706 bat
1875 4671 1951 4719 mago
1991 4658 2049 4706 hlne
2084 4657 2177 4718 nvid-

188 4733 230 4796 20
270 4734 373 4798 audite
426 4753 476 4796 me
497 4750 602 4794 omnes
625 4741 656 4795 et
675 4732 844 4817 intelligite.
888 4735 936 4798 15.
958 4733 1046 4798 Nihil
1067 4745 1113 4799 est
1134 4744 1221 4798 extra
1241 4735 1397 4798 hominem
1420 4735 1567 4798 introiens
1589 4735 1620 4798 in
1651 4757 1721 4798 eum
1749 4735 1832 4820 quod
1860 4737 1957 4823 possit
1983 4758 2054 4801 eum
2094 4737 2177 4800 eoin·

295 4885 345 4944 liga
412 4885 442 4933 ab
478 4883 559 4933 ’babo
595 4885 622 4931 ot
671 4896 744 4933 menn
816 4887 938 4935 torennae
998 4887 1034 4937 ’bs
1066 4887 1160 4936 slndnn
1197 4885 1232 4935 'ba
1245 4885 1277 4934 be
1345 4887 1481 4947 gtwtdllcas
1551 4898 1624 4936 menn
1637 4885 1648 4933 1
1661 4885 1815 4936 ³bonomonn
1941 4890 1979 4949 git
2010 4888 2179 4937 hwelotlrva

250 4962 378 5045 quinare
399 4962 453 5026 sed
475 4983 555 5048 quae
582 4960 622 5025 de
643 4962 768 5027 homine
788 4965 959 5048 procedunt
987 4963 1041 5028 illa
1071 4975 1143 5028 sunt
1194 4986 1273 5048 quae
1294 4966 1521 5029 communicant
1582 4964 1747 5029 hominem.
1865 4966 1912 5031 16.
1936 4964 1972 5032 Si
2044 4968 2113 5052 qnia

255 5113 338 5162 hafo’b
379 5128 436 5162 earu
476 5120 501 5163 to
520 5117 652 5176 giheranne
686 5116 769 5173 gibero
919 5113 935 5175 Ἰ
971 5116 1028 5164 mre
1049 5115 1087 5176 ey
1138 5117 1227 5165 incedo
1285 5119 1312 5167 in
1379 5117 1424 5165 hus
1477 5120 1540 5165 from
1575 5117 1663 5166 ’orecte
1734 5118 1877 5181 gilmgnurir
2061 5119 2160 5181 onnes

247 5192 341 5255 habet
361 5215 450 5257 aures
486 5192 631 5258 audiendi
676 5194 787 5257 audiat
830 5194 878 5256 17.
899 5193 942 5258 Et
989 5215 1060 5257 cum
1100 5194 1253 5261 introisset
1277 5195 1310 5260 in
1332 5195 1458 5259 domum
1500 5218 1518 5258 a
1571 5195 1662 5260 turba
1681 5197 1915 5284 interrogabant
1937 5219 2008 5263 eum
2032 5198 2177 5286 discipuli
