4748 6098
1044 330 1294 404 ...12—

281 529 347 576 locus
429 528 512 576 cuoa’o
558 525 610 600 ¹jeta
645 527 817 588 togsusolacds
836 526 847 573 1
864 526 1044 585 togancolecsli
1114 529 1204 576 lesnise
1274 528 1343 574 incra
1389 529 1425 574 no
1470 527 1593 576 drunccno
1645 541 1679 576 ao
1696 527 1751 576 ’dou
1788 526 1804 587 Ἰ
1845 529 1957 588 gemuisu
1987 531 2065 601 pissas
2104 531 2167 578 litos

239 605 394 703 Respicite
421 606 520 689 iuquit
550 605 621 690 quia
731 604 959 690 adpropinquat
1082 605 1229 671 redemtio
1256 616 1359 670 uestra
1385 606 1424 669 ab
1453 606 1599 671 ebrietate
1626 628 1750 692 quoque
1780 617 1812 671 et
1853 608 1934 673 curis
1976 608 2066 672 huius
2088 610 2178 674 uitae

279 716 353 773 thaad
437 733 462 773 to
481 738 614 772 waecccnus
693 723 756 771 baad
818 721 833 781 ζΙ
872 731 897 773 to
916 724 1042 774 biddanne

240 803 407 890 prohibens
430 802 620 889 uigilandum
643 801 844 887 praecipitet
882 803 1042 866 orandum.

849 951 901 1026 pta
1020 954 1067 1000 neh
1211 961 1291 1001 aestro
1481 958 1500 1002 is
1528 964 1554 1004 tc
1580 958 1687 1007 radsnne

580 1029 757 1119 [1011351]
811 1031 938 1109 QUOD
970 1030 1115 1096 PROPE
1148 1029 1359 1096 PASCHAE
1391 1030 1643 1102 LEGENDUM
1673 1036 1768 1101 EST.

555 1151 630 1200 ineas
709 1151 812 1213 sipbade
910 1153 1008 1200 mcardo
1052 1152 1147 1212 gorua’d
1195 1152 1230 1201 'da
1249 1152 1343 1211 ’dagnus
1397 1159 1476 1202 aestro
1555 1169 1647 1216 gerynn
1740 1159 1822 1205 ferma
1865 1158 1976 1208 drihtnss
1992 1160 2004 1207 1
2022 1160 2178 1212 drihtsnlico

364 1254 515 1294 uxxsrrn.
538 1229 631 1294 ludas
660 1230 873 1317 pascisciturus
894 1231 1026 1317 pretium
1047 1241 1158 1316 parant
1193 1230 1335 1316 discipuli
1372 1232 1486 1317 pascha
1505 1235 1688 1319 mysterium
1726 1258 1829 1300 caenae
1949 1238 2058 1304 dnicae

240 1357 367 1426 gomarssd'
384 1381 443 1415 aron
751 1364 864 1441 1531111
1019 1367 1102 1428 'tegna
1182 1366 1240 1415 hine
1277 1368 1372 1416 scollus
1434 1369 1502 1417 ’dara
1553 1372 1727 1421 ambchtmonn
1774 1373 1876 1432 geraldo
1939 1387 2027 1434 gsuom
2087 1375 2159 1424 ’61111

201 1445 444 1509 beelebrantur.
488 1468 656 1508 nxxrvun.
681 1443 918 1510 Contentioncm
940 1445 1161 1531 discipulorum
1192 1467 1226 1508 so
1272 1446 1373 1531 ipsum
1400 1447 1525 1511 illorum
1553 1450 1725 1514 ministrum
1754 1462 1891 1515 astruens
1943 1451 2023 1517 tellit
2061 1455 2180 1538 quibus

276 1582 312 1630 ric
420 1583 508 1641 geheht
576 1581 659 1629 cuoe’d
695 1572 742 1628 aeli
791 1581 869 1629 o'dera
904 1586 929 1629 to
949 1586 1017 1643 patre
1067 1587 1161 1641 getrym
1226 1580 1321 1629 brooro
1364 1581 1426 1630 ’sino
1476 1582 1522 1631 ’oio
1582 1583 1641 1632 redo
1701 1599 1776 1647 mage
1821 1600 1853 1635 on
1871 1602 1916 1635 sua
1933 1589 2011 1637 suala
2088 1591 2130 1639 nd

225 1682 354 1747 reguum
379 1659 557 1746 promittens
600 1659 642 1721 ait
682 1669 750 1745 post
776 1659 880 1743 aliqua
915 1657 1009 1722 Petro
1039 1661 1188 1722 confirma
1216 1660 1325 1723 fratros
1353 1670 1430 1722 tuos.
1458 1682 1537 1746 quac
1565 1661 1655 1727 lectio
1687 1675 1788 1750 potest
1840 1666 1978 1750 quolibet
2032 1678 2180 1755 tempore

245 1797 343 1844 coccea
510 1793 634 1855 droungcs
696 1794 758 1841 deda
800 1795 880 1854 asaegd
897 1794 980 1845 eison
1018 1793 1064 1842 ’der
1104 1796 1185 1843 biturh
1240 1795 1317 1844 odoro
1369 1810 1402 1843 aa
1422 1796 1473 1844 'oon
1511 1797 1555 1845 'oio
1574 1799 1704 1861 earliprccs
1749 1800 1819 1851 'oona
1862 1802 1929 1852 ³darm
1948 1805 2040 1853 cnantc
2109 1798 2159 1868 pat

251 1875 319 1939 dici.
410 1896 458 1938 xc.
488 1872 643 1937 Passionis
683 1882 770 1957 gesta
809 1881 974 1934 narrantur
1014 1872 1066 1936 ubi
1108 1873 1188 1936 inter
1232 1882 1334 1936 cetera
1376 1875 1467 1938 otiam
1534 1877 1671 1940 auricula
1734 1901 1827 1964 quam
1904 1903 2000 1968 puero
2058 1882 2177 1950 Petrus

285 2013 383 2073 gcourfa
454 2010 499 2058 ’dio
636 2006 704 2053 houd
781 2007 820 2054 his
855 2006 951 2068 miscy
969 2013 1060 2066 gasctta
1095 2009 1269 2069 laltgsboctte
1434 2010 1498 2059 dam
1518 2012 1617 2061 hosndn
1684 2002 1787 2073 lgcfuise
1827 2018 1863 2063 fro
1908 2016 1976 2065 rader
2027 2020 2054 2066 ol
2068 2019 2157 2079 gabaad

245 2091 416 2155 absciderat
438 2079 599 2174 ipsae(sic)
616 2106 725 2148 manus
766 2106 839 2148 suae
922 2082 1022 2151 tuctu
1119 2084 1257 2149 restituit
1300 2110 1364 2151 xcr.
1388 2085 1646 2175 Crucifigentibus
1674 2093 1796 2157 ueniam
1834 2116 1852 2157 a
1890 2104 1977 2180 patre
2005 2095 2180 2183 deposcens

284 2244 317 2276 Μ
403 2240 435 2274 „1
504 2227 540 2271 no
579 2223 643 2272 nam
661 2221 781 2270 scaa‘dum
815 2221 944 2282 hongcndc
961 2223 1006 2283 lg
1058 2221 1203 2270 oudadeudo
1266 2223 1370 2272 uuband
1600 2228 1663 2275 ariao
1767 2230 1823 2277 hias
1887 2227 1960 2279 ²carlo
2009 2231 2054 2282 ’olo
2066 2235 2181 2293 angelica

250 2308 341 2372 etjam
371 2327 465 2368 unum
499 2324 537 2366 ex
593 2300 764 2364 latronibus
819 2300 999 2364 crucifmum
1029 2300 1224 2364 confitentem
1252 2301 1393 2366 absoluit.
1426 2327 1502 2368 xcu.
1518 2304 1737 2368 Resurrexisse
1757 2329 1827 2371 cum
1848 2308 1992 2374 mulieres
2019 2312 2159 2397 angelica

278 2443 417 2491 adeauniso
501 2448 608 2501 ongcton
675 2436 691 2498 Ἰ
759 2431 802 2500 pei
861 2443 886 2486 to
932 2437 985 2486 ’dar
1002 2439 1095 2498 byrgos]
1169 2451 1243 2497 gnam
1293 2434 1309 2496 J
1354 2440 1433 2498 gesen
1485 2438 1537 2513 pte
1572 2441 1686 2490 aserdan
1740 2457 1794 2490 uns
1847 2444 2001 2502 gcwundra’d
2144 2449 2172 2495 ol

186 2527 225 2587 10
247 2521 436 2585 reuelationc
456 2528 647 2603 cognoscunt
669 2529 698 2581 ct
719 2516 829 2582 Petrus
851 2517 890 2581 ad
911 2524 1112 2581 monumentis
1134 2539 1260 2581 currens
1281 2539 1317 2581 ac
1337 2518 1446 2581 uidens
1468 2519 1552 2604 quod
1572 2519 1686 2582 factum
1706 2520 1807 2582 fuerat
1827 2522 2014 2588 ammiratur.
2037 2548 2128 2590 xcrn.
2142 2527 2177 2589 A

270 2667 344 2708 tuaem
392 2656 419 2732 ᾗ
456 2660 476 2705 is
654 2651 670 2713 Ἰ
708 2657 775 2702 focra
819 2657 858 2702 his
907 2653 960 2703 'das
1021 2668 1093 2701 noma
1136 2652 1261 2712 goswigso
1280 2653 1301 2702 is
1338 2653 1403 2701 nam
1421 2661 1530 2716 geongeu
1568 2657 1594 2703 iu
1656 2661 1748 2703 ceastre
1833 2655 1884 2729 'pte
1947 2658 1983 2707 '6⁸

247 2739 366 2804 duobus
387 2737 419 2800 id
441 2746 488 2799 est
508 2733 626 2820 Cleopa
647 2744 678 2797 et
698 2733 780 2798 socio
803 2734 866 2797 eius
888 2732 973 2795 cuius
1000 2752 1114 2794 nomen
1158 2741 1276 2794 tacetur
1362 2733 1502 2795 euntibus
1564 2732 1596 2794 in
1625 2733 1784 2797 castellum
1814 2736 1897 2819 quod
1925 2748 1997 2801 tunc
2024 2736 2179 2802 Emmaus

246 2891 301 2926 wass
319 2874 434 2938 gaceigad
469 2864 516 2922 reli
600 2869 772 2946 pcfucsprac
894 2868 967 2926 louge
1026 2879 1058 2914 on
1110 2865 1212 2912 dalnisa
1256 2865 1332 2912 lrlsles
1367 2872 1471 2926 engeten
1489 2867 1537 2915 bi’o
1765 2873 1957 2931 efucsprcccndu
2030 2859 2140 2935 ¹'ossguu

254 2956 421 3020 uocabatur
458 2961 527 3036 post
547 2949 827 3015 confabulationem
848 2945 1001 3033 prolixam
1027 2945 1058 3008 in
1078 2944 1227 3008 fractione
1248 2944 1336 3030 panis
1356 2945 1541 3028 agnoscitur.
1591 2968 1696 3011 xcrrrr.
1726 2947 1993 3035 Conloqueutibus
2021 2952 2183 3038 discipulis

253 3092 324 3140 estod
391 3102 424 3138 on
448 3087 563 3135 middum
588 3099 649 3133 euos
683 3085 738 3131 sibb
788 3083 832 3129 iuh
880 3079 895 3139 Ἰ
935 3081 969 3130 ’oa
989 3069 1036 3139 get¹
1069 3080 1198 3128 rothlando
1237 3078 1387 3156 Jpgasst
1423 3081 1543 3130 woaudou
1587 3082 1745 3132 cdaaudniso
1846 3078 1953 3137 oforlasi
2058 3089 2143 3138 bondo

248 3172 371 3236 adstans
394 3169 425 3231 in
457 3166 559 3230 medio
589 3163 662 3226 dicit
684 3183 746 3248 pax
768 3161 855 3225 uobis
877 3170 907 3224 ct
932 3159 1035 3223 adhuc
1062 3171 1209 3246 pauentes
1247 3166 1376 3246 sprirquc
1408 3170 1550 3248 putantes
1577 3161 1751 3226 ostensione
1783 3165 2001 3229 transfixarum
2028 3187 2182 3231 manuum

296 3304 382 3366 lfota
450 3300 603 3365 gafastna’ds
616 3300 669 3359 (sict
705 3299 798 3358 gebraec
865 3284 889 3345 fe
953 3294 1020 3345 'daem
1082 3295 1128 3344 dal
1197 3298 1269 3345 fiscos
1310 3294 1476 3356 brededos]
1520 3299 1639 3347 biobread
1674 3301 1783 3361 wynigcs
1839 3302 1919 3352 lurco
1976 3303 2017 3351 hia
2072 3302 2162 3378 *phet

248 3386 422 3474 pedumque
465 3380 627 3446 coufirmat
706 3376 800 3440 edens
822 3398 925 3439 coram
948 3374 1020 3460 ipsis
1041 3385 1161 3460 partem
1181 3376 1279 3461 pisces
1330 3377 1389 3440 assi
1450 3388 1480 3441 et
1519 3379 1624 3442 fauum
1673 3379 1773 3443 mellis
1813 3381 1936 3444 iustruit
1966 3402 2018 3448 cos
2047 3386 2182 3471 promis-

337 3523 435 3572 fadorcs
472 3519 549 3568 wuda
566 3515 674 3578 gassnda
708 3514 765 3561 hine
810 3511 893 3560 cuocll
959 3519 1028 3571 astas
1080 3524 1113 3558 on
1148 3513 1238 3560 heolus

188 3600 434 3688 resumpseris
490 3595 655 3658 missurum
721 3612 755 3656 sc
797 3590 900 3655 diceus
922 3589 1059 3654 ascendit
1079 3589 1110 3651 in
1132 3591 1261 3655 caelum.

551 3714 610 3763 dios
658 3711 717 3760 redo
753 3724 784 3759 ou
823 3709 889 3759 ’ecre
907 3710 964 3758 ulca
1019 3716 1109 3758 costros
1138 3709 1235 3772 mllioy
1259 3709 1422 3769 biegcradod
1447 3712 1559 3772 geaudad
1568 3712 1616 3762 1111
1641 3727 1674 3762 ou
1700 3723 1771 3763 stoue
1800 3717 1847 3766 ’der
1873 3716 1956 3766 cdoa'i
2003 3716 2038 3766 'da
2100 3718 2172 3766 huila

350 3796 415 3885 [fol.
432 3793 513 3882 136.]
527 3792 616 3856 Haec
637 3790 727 3854 lectio
749 3789 780 3850 iu
803 3788 975 3852 ebdomada
995 3788 1128 3874 paschae
1149 3786 1223 3851 dum
1295 3785 1409 3873 legitm·
1480 3788 1585 3854 finitur
1638 3793 1670 3855 in
1699 3793 1768 3858 loco
1796 3794 1848 3858 ubi
1887 3795 1930 3857 ait
1966 3794 2183 3881 quoadusque

245 3935 371 3986 carison
382 3932 518 3994 gegaaruad
545 3930 602 3979 mle
612 3929 680 3978 ³oum
706 3928 800 3987 haigsta
828 3927 902 3975 maht
933 3924 1029 3986 minor
1071 3927 1118 3972 unt
1167 3926 1193 3973 in
1243 3924 1360 3984 astignias
1410 3926 1573 3986 garadadbi'o
1602 3927 1680 3977 οἴετο
1707 3937 1778 3979 stoue
1830 3929 1960 3991 cananae
2023 3931 2070 3979 ’dar
2095 3930 2182 3981 cuoa’d

299 4011 469 4077 induamini
538 4009 680 4072 uirtutem
734 4027 771 4069 ex
830 4005 892 4068 alto
942 4025 1012 4067 cum
1039 4011 1141 4065 autom
1161 4001 1194 4064 iu
1217 4000 1394 4067 ascensione
1437 4002 1552 4089 legitur
1610 4007 1670 4071 alio
1702 4008 1771 4074 loco
1789 4009 1995 4075 incoandaest
2014 4031 2075 4096 quo
2105 4008 2183 4074 dicit

291 4151 375 4209 segne
443 4147 488 4197 eas
532 4147 583 4193 siut
624 4144 706 4192 werdo
738 4140 810 4190 ’daea
838 4140 971 4202 sprccceud
994 4153 1050 4188 was
1094 4140 1136 4187 iuh
1171 4139 1268 4202 missoy
1307 4145 1349 4200 gat
1452 4143 1475 4190 ic
1494 4155 1548 4189 was
1601 4143 1658 4192 mi’o
1676 4144 1719 4191 iulr
1778 4144 1832 4194 wi'd
1935 4143 1998 4194 onds
2037 4145 2181 4208 godepelles

248 4227 404 4315 discipulis
426 4227 503 4289 haec
523 4234 595 4288 sunt
617 4224 712 4288 uerba
733 4242 812 4307 quae
840 4220 958 4284 locutus
982 4240 1051 4281 sum
1072 4217 1159 4281 uobis
1187 4241 1256 4282 cum
1278 4218 1445 4304 athuc(sa'c)
1460 4240 1557 4284 essem
1576 4222 1734 4286 uobiscum
1752 4244 1849 4308 usque
1867 4223 1899 4287 in
1915 4225 2007 4290 finem
2027 4224 2179 4309 euangeli.

715 4343 794 4405 asagd
812 4355 871 4390 arou
976 4361 982 4366 ·
1001 4339 1037 4390 ’δι
1055 4353 1185 4400 marconga
1345 4330 1393 4388 asi
1587 4343 1655 4390 lucas

658 4419 935 4486 EXPLICIUNT
978 4417 1208 4484 CAPITULA
1250 4414 1498 4485 SECUNDUM
1538 4419 1705 4487 LUCAM.

664 4633 784 4689 onginnas
897 4630 1144 4690 toruaardmsrcuuga
1297 4620 1346 4678 reli
1599 4632 1674 4680 lohnfi

187 4722 229 4784 ao
353 4712 524 4804 [arsos]
614 4709 849 4777 morrrusr
912 4707 1140 4775 suerrum
1203 4704 1450 4776 ssouuouu
1512 4707 1765 4775 somnum.

425 4841 453 4888 in
491 4837 572 4884 lruma
587 4833 599 4881 1
617 4836 644 4882 in
661 4821 712 4880 lma
746 4830 810 4879 nord
828 4832 839 4878 1
858 4830 916 4878 crist
949 4843 1000 4878 uss
1034 4829 1084 4889 god
1118 4827 1176 4877 miii
1210 4827 1273 4889 gode
1308 4829 1371 4879 ’terh
1407 4830 1475 4880 oona
1493 4830 1542 4879 ilca
1579 4832 1690 4892 gauorht
1722 4842 1806 4877 weron
1860 4832 1909 4880 ella
1959 4831 1989 4899 ἸἸ
2069 4832 2144 4900 joham

373 4943 394 4981 r.
416 4918 455 4983 In
528 4913 679 5002 principio
764 4912 894 4976 uerbum
1044 4908 1082 4973 ds
1107 4906 1191 4994 apud
1219 4907 1272 4970 dm
1308 4930 1366 4996 per
1426 4931 1517 4994 quem
1590 4909 1671 4972 facta
1728 4918 1800 4973 suut
1827 4911 1931 4974 omnia
1965 4920 1996 4974 st
2022 4910 2181 4975 Iohannes

248 5038 274 5114 13
292 5052 369 5086 soora
386 5035 513 5098 gascudod
546 5034 644 5095 gasaegd
662 5036 684 5082 ts
720 5047 753 5081 aar
772 5033 784 5080 1
800 5022 856 5081 bala
889 5033 942 5080 him
978 5029 1049 5080 111151
1085 5032 1120 5077 att
1138 5030 1226 5076 onsoas
1260 5026 1346 5105 'piria
1364 5043 1389 5078 sc
1423 5044 1544 5093 gewyrcss
1585 5042 1649 5078 suno
1684 5028 1779 5109 goddas
1815 5029 1878 5081 ’sarh
1952 5032 2022 5088 gaola
2113 5031 2153 5079 hia

332 5117 442 5180 missus
547 5113 681 5178 refertur
751 5120 821 5176 ante
881 5132 952 5174 eum
986 5108 1040 5195 qui
1082 5108 1232 5194 recipient
1293 5130 1360 5173 esse
1442 5108 1516 5174 facit
1571 5107 1652 5173 filios
1715 5107 1747 5171 di
1819 5130 1875 5194 pcr
1917 5107 2049 5192 gratiam
2081 5130 2179 5172 suam.

234 5271 254 5313 1.
275 5263 509 5325 adproproplnquat
525 5262 576 5313 118.
612 5265 635 5310 1.
653 5262 668 5309 l.
687 5258 826 5323 paciscitur.
863 5260 884 5306 1.
902 5257 919 5306 1
939 5257 1082 5306 suriculam.
1117 5258 1142 5304 9.
1160 5254 1175 5303 l.
1194 5253 1363 5305 cadatcadat
1379 5253 1538 5306 andettcuds.
1574 5257 1613 5304 14.
1633 5255 1649 5303 1
1666 5255 1752 5317 piscis.
