4748 6098
1053 349 1277 425 ..3-

206 548 344 612 adryrnede
404 543 420 606 Ἰ
500 546 601 596 diowles
698 535 771 595 tarn
802 548 1135 610 gegeongattogeongsnno
1186 549 1252 598 lardo
1308 549 1336 597 iu
1377 550 1453 608 bargo
1620 552 1734 601 sacranda
1776 547 1845 601 'bani
1860 551 1939 601 doado
1971 565 2085 613 saraca

172 649 370 716 compescens
394 637 425 692 et
446 624 636 714 d[a]emoncs
669 625 782 691 eiciens
946 626 995 691 ire
1137 626 1286 692 concessit
1305 626 1337 689 in
1358 648 1478 713 porcos.
1507 651 1593 691 inm.
1615 627 1743 695 Uadens
1773 640 1927 694 mortuam
1952 631 2100 696 suscitare

173 764 260 814 dohtor
294 766 358 814 lares
409 763 462 813 ’ont
478 763 523 810 wit
588 763 625 810 tro
668 762 799 811 blodlorno
827 763 839 810 t
864 762 950 812 blodss
969 768 1024 824 gyrt
1070 760 1147 811 haldo
1196 761 1302 811 wacea'e
1379 773 1440 811 sona
1496 758 1512 821 1
1549 761 1691 838 'pmaodon
1809 766 1963 817 wundradon
1978 768 2020 816 hle
2033 769 2045 816 t
2059 769 2101 816 hia

171 844 267 907 filiam
294 843 369 908 loiri
387 842 550 907 mulierem
591 863 611 905 a
666 841 819 928 profluuio
856 841 1014 929 sanguinis
1056 862 1168 905 sanans
1189 841 1315 904 suscitat
1334 840 1474 926 protinus
1494 852 1526 906 et
1551 844 1698 929 puellam.
1729 868 1781 910 xv.
1910 845 2026 911 Miran-

172 980 323 1029 wundrande
398 976 478 1053 'pltr
545 973 561 1035 Ἰ
607 976 696 1026 mahto
741 977 794 1026 ess
811 978 911 1026 wrlhtes
945 991 1012 1027 sunu
1029 977 1041 1024 1
1058 976 1155 1026 amittes
1177 991 1242 1026 sunu
1276 976 1398 1027 tuost-e
1449 978 1543 1027 berdon
1602 980 1639 1027 tro
1666 980 1719 1028 him
1753 995 1784 1029 ne
1820 994 1882 1031 were
1960 986 2033 1045 witge

232 1069 279 1123 tes
349 1057 521 1123 doctrinam
542 1066 573 1121 et
592 1056 722 1121 virtutes
794 1055 875 1121 fabri
1038 1055 1138 1120 filium
1294 1055 1399 1120 dicunt
1428 1057 1587 1123 audientes
1608 1059 1647 1122 ab
1681 1080 1804 1122 eonon
1825 1080 1891 1124 esse
1912 1060 2097 1147 prophetam

172 1198 231 1243 buta
274 1193 400 1254 wortung
433 1193 529 1256 cymba
568 1194 596 1242 in
630 1192 707 1242 catal
740 1191 780 1240 bia
960 1190 1036 1240 sendo
1104 1193 1204 1242 torcello
1323 1193 1426 1243 boderes
1516 1194 1574 1244 mia
1593 1193 1688 1244 bodum
1736 1196 1813 1245 laro’e
1871 1197 1974 1258 gcbroht
2011 1199 2081 1260 galea

170 1274 236 1339 sine
274 1273 394 1338 honora
457 1272 516 1336 nisi
564 1271 716 1359 lupatria
735 1293 800 1335 sua
841 1294 906 1336 xvr.
928 1270 1053 1335 Mittens
1075 1270 1237 1336 duodecim
1257 1272 1476 1358 praedicaturus
1511 1275 1681 1360 praeceptis
1710 1274 1831 1338 instruit
1858 1273 1980 1339 conlata
1996 1276 2097 1362 gratia

170 1411 241 1459 baclo
259 1410 271 1457 1
287 1411 355 1459 halra
670 1406 777 1456 haldend
823 1406 891 1456 bona
909 1407 992 1457 loham
1038 1406 1104 1469 dage
1146 1407 1186 1455 his
1217 1408 1331 1457 aecennis
1366 1409 1447 1470 olslog
1496 1395 1623 1466 jheatnd
1670 1409 1709 1459 his
1777 1411 1866 1472 plagas
1968 1410 2052 1460 moard

170 1490 342 1554 sanitatum.
402 1512 481 1554 xvn.
505 1485 649 1551 Herodes
669 1494 776 1550 tenens
820 1485 995 1551 Iohannem
1044 1485 1095 1550 die
1135 1486 1183 1549 sui
1214 1486 1323 1549 naulis
1350 1487 1461 1551 occidit
1482 1497 1633 1574 caputque
1655 1489 1719 1553 cius
1740 1488 1909 1554 saltationis
1922 1491 2097 1578 proemium
2137 1493 2158 1557 h

170 1629 198 1676 tn
241 1628 295 1675 disc
329 1626 383 1675 ’oar
402 1624 504 1674 doehtsr
542 1621 612 1672 salde
798 1623 826 1670 ol
910 1624 943 1671 sil
1042 1623 1112 1672 biatu
1176 1617 1192 1680 1
1243 1628 1317 1671 tuam
1388 1623 1477 1671 fiscum
1570 1625 1603 1672 stt
1705 1638 1774 1673 wera
1817 1624 1919 1676 emend
1961 1628 2061 1690 gotyldo

169 1707 203 1769 in
228 1706 312 1771 disco
380 1704 463 1768 filiae
530 1701 632 1766 tradit.
673 1725 766 1765 xvur.
784 1700 835 1765 De
857 1701 994 1787 quinque
1014 1701 1145 1788 panibus
1170 1710 1202 1766 et
1221 1701 1342 1764 duobus
1363 1701 1497 1789 piscibus
1513 1701 1649 1787 quinque
1669 1702 1807 1767 virorum
1827 1704 1913 1767 milia
1939 1706 2096 1771 saturauit.

291 1841 341 1891 ’oin
359 1839 450 1889 scorta
483 1841 550 1888 naht
615 1853 698 1888 wacon
749 1851 823 1888 auom
870 1843 897 1887 to
964 1837 1079 1899 ³bognum
1141 1835 1285 1900 geongande
1320 1826 1449 1885 olibula
1509 1850 1542 1885 sa
1704 1838 1775 1889 tela'o
1792 1841 1804 1888 1
1820 1840 1919 1891 nibra’o

171 1946 277 1989 xvnn.
311 1920 431 1999 Quarta
469 1920 567 1984 noctis
606 1917 714 2004 uigilia
747 1916 834 1982 uenit
864 1916 905 1981 ad
937 1915 1103 2004 discipulos
1137 1915 1299 1980 ambulans
1340 1936 1433 2001 supra
1484 1936 1580 1980 mare.
1636 1940 1688 1981 xx.
1740 1920 1900 1984 Accusant
1943 1920 2096 2009 pharisaei

206 2057 303 2117 'omncs
355 2055 522 2116 andoenum
566 2052 677 2102 hondum
785 2052 885 2102 edenda
964 2048 981 2111 Ἰ
1019 2064 1102 2100 weron
1119 2049 1256 2113 gobrcatcn
1290 2052 1327 2099 tro
1364 2048 1416 2100 him
1455 2053 1484 2100 ol
1515 2051 1673 2101 strioncndra
1691 2054 1703 2100 1
1720 2053 1793 2103 aldra
1839 2043 1983 2104 lniletntsss
2077 2058 2089 2104 1

171 2134 336 2222 discipulos
364 2156 427 2197 non
444 2133 514 2196 lotis
552 2131 695 2196 manibus
715 2130 938 2195 manducantes
959 2139 990 2195 et
1038 2131 1237 2216 increpantur
1288 2130 1328 2194 ab
1370 2149 1408 2194 eo
1450 2131 1490 2196 de
1572 2141 1734 2219 parentum
1817 2135 2004 2223 inspretione
2045 2137 2097 2202 uel

169 2273 197 2322 ol
228 2270 322 2322 ebrum
526 2268 623 2330 mibby
640 2273 734 2331 gesotts
769 2268 842 2318 ³6an
885 2280 973 2328 magon
1009 2267 1078 2317 ’bone
1098 2279 1192 2315 monne
1258 2266 1364 2326 widlega
1522 2266 1575 2315 ’oss
1594 2269 1664 2317 nitas
2000 2273 2085 2321 doctor

169 2349 208 2415 de
231 2349 340 2415 ceteris
362 2346 511 2436 [f01.91.]
553 2356 729 2433 exponente
778 2367 858 2431 quae
880 2346 998 2433 possint
1028 2345 1187 2410 hominem
1227 2344 1399 2430 inquinare.
1442 2368 1508 2409 xx1.
1529 2345 1668 2410 Mulieris
1709 2347 1968 2434 syrophoenissae
2000 2349 2096 2414 filiam

168 2489 234 2536 from
285 2485 368 2535 dioble
451 2482 521 2532 tristi
694 2483 785 2533 dumbs
843 2480 940 2541 tuear
1004 2482 1084 2530 stam
1154 2483 1252 2530 ansano
1304 2480 1388 2530 euoch
1427 2488 1508 2543 untyn
1699 2484 1727 2531 ol
1787 2484 1856 2532 soora
1925 2483 2021 2534 blatum
2072 2481 2089 2544 'j

189 2589 209 2628 a
250 2563 413 2629 daemonio
434 2562 554 2626 liberat.
596 2583 676 2624 xm.
696 2559 784 2624 Muto
812 2561 968 2645 surdoque
989 2581 1098 2624 uocem
1120 2558 1281 2624 restituens
1308 2557 1381 2623 dicit
1416 2560 1515 2624 clieta.
1564 2584 1657 2626 xxm.
1684 2561 1736 2626 De
1763 2571 1881 2649 septem
1908 2564 2038 2650 panibus
2066 2575 2098 2631 et
2119 2566 2160 2630 10

186 2700 261 2748 hvon
299 2699 360 2761 lytle
377 2700 452 2747 fiscus
530 2697 583 2745 teor
683 2708 775 2745 monna
831 2690 947 2757 ³cusandi
1035 2695 1134 2756 gotylde
1566 2698 1645 2746 bacon
1661 2697 1673 2743 1
1689 2703 1762 2746 tacon
1831 2700 1982 2749 noscendum
2034 2703 2110 2752 stalla

168 2778 273 2866 paucis
301 2776 454 2863 pisciculis
486 2785 618 2861 quatuor
647 2774 809 2838 hominum
856 2772 941 2835 milia
1008 2773 1165 2837 saturauit.
1207 2795 1314 2835 min.
1346 2771 1523 2838 Pharisaeis
1590 2776 1715 2860 signum
1784 2779 2001 2862 quaerentibus
2031 2782 2097 2845 dari

177 2927 253 2964 onsoc
291 2908 308 2971 ‘j
396 2911 433 2960 ltr
548 2911 618 2960 blora
692 2909 781 2970 gehebt
834 2909 914 2957 under
967 2909 1071 2958 ’cerates
1137 2921 1213 2957 noma
1263 2897 1289 2957 fe
1306 2914 1333 2957 to
1353 2908 1506 2960 bohsldenne
1645 2910 1714 2960 bono
1732 2911 1817 2960 bltndo
1852 2912 1968 2962 hoartlioe
2001 2914 2094 2976 gomet

168 3003 264 3080 negat
285 3004 316 3058 et
337 2991 509 3057 doctrinam
531 3011 639 3056 eorum
661 2988 817 3076 praecepit
847 2989 905 3053 auh
946 2988 1089 3052 fermenti
1110 2987 1236 3051 nomine
1261 2985 1517 3074 praecauendum.
1560 3011 1632 3053 xxv.
1665 2986 1800 3055 Caecum
1836 2991 1983 3078 paulatim
2011 3003 2099 3058 curat

176 3126 192 3189 Ἰ
228 3127 255 3204 “15
289 3142 404 3188 nengum
439 3127 539 3177 cnoc'ea
555 3127 566 3174 1
584 3127 677 3175 cncede
711 3125 801 3186 gcheht
818 3124 829 3171 1
847 3125 896 3172 hat
1058 3121 1125 3172 ham
1142 3121 1314 3182 tinguendum
1355 3121 1492 3182 hueelhtc)
1542 3121 1600 3173 blne
1635 3126 1677 3174 his
1693 3127 1771 3176 coede
2023 3129 2098 3191 godes

169 3215 201 3272 et
227 3216 261 3270 ut
287 3205 402 3270 nemini
496 3205 611 3269 diceret
732 3202 873 3287 imperat.
936 3225 1023 3266 xxvr.
1044 3200 1313 3286 Interrogantibus
1341 3223 1434 3286 quem
1537 3224 1609 3267 eum
1636 3203 1773 3270 dicerent
1792 3205 1904 3272 Petrus
1924 3206 2010 3294 Xpm
2045 3197 2081 3273 di

199 3340 313 3391 ondeta’c
363 3337 380 3398 l
417 3353 479 3388 sona
513 3328 580 3388 leon
614 3337 713 3386 drihtnc
749 3336 885 3384 tranando
920 3337 972 3385 him
1007 3338 1155 3388 euoc'bende
1189 3337 1243 3388 wit
1262 3338 1345 3388 euoch
1391 3339 1428 3387 sio
1446 3338 1556 3400 gatraua
1573 3339 1584 3386 1
1603 3339 1651 3389 bib
1671 3340 1808 3401 guantur
2035 3344 2099 3394 se’ee

170 3419 333 3483 confitetur
359 3428 389 3482 et
409 3439 484 3481 mox
512 3416 584 3501 quia
632 3415 695 3478 dfio
736 3435 899 3501 passurum
930 3436 964 3478 se
1025 3414 1138 3480 dicenti
1180 3416 1361 3480 contradicit
1532 3417 1682 3503 arguitur.
1889 3443 1990 3485 xxvn.
2034 3420 2098 3498 Qui

187 3554 254 3603 losaa
307 3552 390 3604 cuoe'o
451 3553 525 3617 sanci
594 3550 633 3599 his
736 3539 760 3598 lo
829 3563 883 3599 mec
925 3552 1003 3613 begnt
1055 3551 1097 3599 hia
1137 3564 1168 3599 ne
1205 3550 1246 3599 his
1260 3549 1286 3626 ⁴53
1301 3550 1447 3613 geblrigdon
1460 3552 1471 3598 1
1486 3552 1630 3614 gosupsdon
1645 3566 1724 3602 weron
1752 3567 1822 3602 sume
1839 3553 1904 3604 ocor
1939 3555 2007 3604 bone
2025 3555 2092 3606 dean

169 3632 271 3718 perdit
297 3631 396 3718 inquit
414 3630 550 3693 animam
568 3650 656 3692 suam
675 3639 803 3716 propter
824 3650 875 3694 mc
895 3629 1015 3694 inuenit
1033 3652 1103 3696 eam
1123 3651 1182 3695 nec
1380 3639 1557 3714 grataturos
1754 3632 1903 3716 quosdam
1951 3645 2083 3700 mortem
2118 3638 2158 3702 15

169 3769 247 3820 sier
262 3768 321 3819 oet
348 3768 391 3817 hta
407 3780 480 3829 geaco
510 3766 569 3814 hino
598 3767 626 3814 in
685 3765 722 3814 rte
786 3766 826 3814 his
897 3761 995 3823 laona
1072 3757 1193 3816 olhiwado
1211 3781 1266 3815 was
1329 3765 1445 3814 inlasdcd
1488 3762 1505 3823 1
1568 3766 1684 3816 iohannis
1865 3769 2124 3821 worontrowondo,

203 3847 303 3913 donec
355 3846 481 3911 uideant
511 3865 582 3909 eum
604 3843 637 3906 in
657 3864 756 3930 regno
778 3845 844 3908 aius
864 3844 1028 3929 statimque
1050 3844 1286 3930 transfiguratus
1306 3842 1461 3909 inducitur
1481 3855 1513 3911 et
1538 3845 1712 3910 Iohannem
1733 3843 1844 3911 Heliae
1926 3848 2045 3935 passuri

190 3987 221 4034 he
272 3985 364 4047 galtero
398 3981 536 4033 trevento
571 3980 655 4031 euoch
845 3979 953 4040 crinale
1009 3979 1067 4029 sol’o
1081 3978 1135 4040 (cte)
1210 3979 1289 4040 gasali
1337 3979 1435 4028 drlhten
1476 3978 1636 4048 gariard'asde
1711 3978 1822 4043 laeam
1897 3984 1958 4033 halo
1976 3986 2040 4034 baad
2073 3982 2089 4045 1

169 4064 235 4148 ipae
261 4062 372 4127 similia
404 4082 529 4150 passum
577 4058 659 4124 dicit
701 4082 816 4124 axum.
838 4058 950 4124 Omnis
970 4058 1103 4146 populus
1192 4058 1301 4122 uidens
1349 4057 1424 4122 drim
1472 4081 1640 4145 paueaoens
1660 4081 1885 4146 occurrensque
1921 4062 2033 4127 salutat
2067 4074 2097 4129 et

179 4210 246 4246 sunu
313 4211 383 4246 sume
457 4196 672 4257 ungeleatfullnlse
742 4195 781 4243 his
985 4192 1111 4242 blddends
1153 4195 1190 4241 tro
1259 4193 1343 4242 dioble
1408 4194 1507 4255 garriat
1525 4195 1574 4273 bttt
1839 4197 1948 4247 sallendo
2034 4198 2093 4248 luna

171 4275 252 4340 lilius
285 4275 411 4339 cuiusda
440 4273 686 4339 incredulitatem
719 4295 807 4338 suam
836 4271 937 4338 iuuari
968 4270 1139 4358 praecentis
1169 4293 1188 4334 a
1216 4270 1379 4335 daemonio
1413 4272 1571 4338 liberatur.
1636 4297 1764 4338 xxvnrr.
1796 4273 1997 4340 Tradendum
2051 4297 2085 4343 se

237 4399 343 4471 {uagae
416 4405 433 4466 Ἰ
475 4408 512 4458 ’δα
529 4409 624 4470 tegna
664 4409 730 4458 huet
765 4423 797 4458 on
832 4422 891 4470 wag
923 4406 1086 4470 getremmon
1148 4398 1293 4466 mignonus
1347 4407 1426 4458 leret
1460 4397 1529 4457 inest
1544 4408 1557 4455 1
1575 4408 1677 4458 aldordo
1725 4422 1758 4458 ne
1809 4410 1846 4459 sle
1907 4415 1933 4459 to
1952 4423 2073 4460 soeeanuc

172 4489 379 4576 praenuntians
410 4496 441 4553 et
468 4486 634 4574 discipulos
662 4487 737 4573 quid
764 4489 797 4552 in
838 4489 889 4551 uia
915 4495 1096 4552 tractassent
1120 4486 1316 4572 interrogans
1342 4486 1431 4551 docet
1483 4485 1649 4572 primatum
1703 4510 1767 4552 non
1788 4509 1855 4553 esse
1876 4489 2095 4573 quaerendum.

307 4626 381 4673 maht
448 4624 475 4673 ln
511 4623 550 4672 hle
608 4635 682 4672 noma
762 4625 859 4675 doende
915 4637 947 4672 ne
981 4624 1073 4686 gelatos
1123 4612 1225 4671 lbeados
1275 4618 1291 4680 Ἰ
1334 4624 1363 4672 ol
1412 4623 1526 4684 ymbeyrt
1625 4623 1734 4672 liomana
1803 4622 1989 4685 ondspyrendrs
2004 4624 2015 4670 1
2028 4624 2092 4671 ond·

172 4725 245 4766 xxx.
267 4701 422 4769 Uirtutem
442 4703 476 4765 in
497 4701 562 4766 eius
584 4700 709 4765 nomine
730 4700 875 4769 facientes
897 4724 961 4767 non
988 4701 1060 4764 sinit
1090 4700 1249 4787 prohiberi
1269 4710 1301 4766 et
1326 4700 1366 4765 de
1384 4699 1555 4765 abscisione
1574 4702 1785 4766 membrorum
1847 4700 2054 4764 scandalizari·
2116 4702 2159 4767 20

171 4838 329 4901 spumondra
354 4836 651 4900 gasdlcctmegnlltllce
679 4834 756 4885 lereti
1160 4838 1188 4885 ot
1253 4837 1309 4885 wito
1612 4825 1719 4897 lgetnisa
1819 4834 1943 4886 sodcenda
2002 4836 2094 4884 molseo

212 4917 290 4981 tium
424 4916 595 5004 figuraliter
674 4913 772 4979 docet
832 4937 919 4979 xm.
941 4913 1125 4980 Pharisaeos
1161 4914 1200 4979 de
1236 4934 1335 4979 uxore
1372 4912 1437 5001 [fol.
1469 4913 1540 5003 911³]
1575 4912 1756 4978 dimittenda
1789 4922 1970 4999 quaerentes
2003 4912 2085 4978 Mosi

205 5053 317 5114 cycneas
364 5049 562 5115 smegmata]
608 5051 645 5102 ’ea
661 5051 712 5100 cild
737 5052 775 5100 tro
803 5050 855 5099 blm
1009 5040 1138 5102 lboodond
1191 5050 1316 5101 blosdsa’e
1496 5051 1523 5099 ol
1556 5048 1708 5098 hneabaltee
1724 5048 1736 5096 1
1752 5048 1935 5111 unmahtlglicc
1987 5049 2083 5109 wrong·

172 5131 344 5199 testimonio
366 5132 520 5198 conuincit
541 5140 571 5195 et
590 5131 769 5194 infantcsa
809 5149 843 5195 se
863 5128 962 5195 uetari
983 5130 1150 5217 prohibens
1171 5128 1333 5196 benedicit.
1365 5127 1529 5194 rmnDe
1654 5125 1834 5191 difficultate
1967 5126 2095 5191 diuinim

233 5290 253 5332 2.
272 5291 324 5335 blot
335 5291 400 5335 torna
410 5291 457 5337 Hs.
482 5293 503 5334 t.
517 5292 531 5334 t.
545 5290 725 5345 praedicaturos.
