4748 6098
1073 359 1296 434 ..7-

185 565 201 629 Ἰ
238 565 380 643 porlfeld
430 568 534 623 eostong
636 560 723 608 diones
774 557 827 635 ¹]5te
844 546 959 607 olsul’bet
976 571 1031 606 aas
1097 557 1253 606 adseuedis
1424 567 1541 615 meraung
1576 555 1716 606 auferenda
1750 557 1777 606 in
1855 558 1897 618 gat
1980 560 2077 620 geteled
2096 562 2117 608 is

187 656 218 713 et
270 644 352 708 trina
391 641 570 706 temtatione
616 637 731 703 diaboli
820 645 982 723 superatus
1085 633 1266 699 ostenditur.
1325 655 1383 698 111.
1425 632 1525 698 Fama
1571 635 1705 721 regressi
1736 636 1768 700 in
1790 634 1965 702 Galilaeam
1984 637 2118 704 refertur

187 779 203 840 Ἰ
262 777 315 854 “pte
362 777 440 826 esaiae
513 778 561 824 boc
645 776 750 836 onleuge
795 775 823 822 ol
855 772 908 821 him
943 769 1054 833 garyladc
1072 785 1128 820 was
1154 771 1237 821 cuoc'o
1255 772 1285 819 ha
1329 785 1361 818 ua
1424 771 1504 819 herde
1581 770 1616 821 ’oc
1633 771 1709 833 virga
1829 771 1856 820 tr
1944 774 1971 823 ln
2034 774 2110 824 asoa!

189 870 220 925 et
241 857 325 945 quod
345 855 457 921 Esaiae
478 855 592 920 librum
614 852 768 940 accipiens
788 851 828 916 de
857 871 892 916 se
949 849 1109 936 impletum
1161 848 1275 914 dixerit
1316 871 1374 913 nec
1405 848 1522 915 habere
1551 850 1736 938 prophetam
1767 849 1920 915 honorem
1944 850 1977 915 in
2019 852 2119 939 patria

200 995 239 1043 his
273 992 390 1054 ennsngd
424 991 496 1042 aebli
512 992 523 1038 1
541 1004 574 1039 ne
608 990 655 1040 'oio
676 989 759 1038 widuc
998 989 1027 1036 ο1
1069 991 1166 1048 sarapta
1229 986 1240 1032 l
1276 985 1329 1034 ’dns
1347 985 1502 1035 hcbrouares
1545 1000 1635 1036 naman
1694 987 1744 1047 ayn
1786 985 1843 1035 mlo
1862 988 2001 1048 elensungc
2058 985 2111 1063 pte

189 1094 245 1136 sua
279 1071 378 1136 relata
450 1070 542 1135 etiem
634 1067 729 1133 uidua
781 1064 958 1154 [1011311]
987 1067 1027 1133 de
1053 1063 1185 1153 Serapis
1213 1065 1264 1130 uel
1342 1063 1457 1152 leprosi
1533 1063 1656 1130 Neman
1692 1062 1756 1131 Siai
1797 1064 1998 1131 mundatione
2032 1065 2117 1152 quod

191 1208 254 1257 ’berh
295 1206 383 1256 middu
469 1206 541 1256 blora
584 1205 648 1255 seba
682 1206 740 1254 hlna
782 1206 810 1253 ol
862 1217 930 1253 mora
1014 1192 1142 1264 leglendra
1228 1201 1326 1250 waldon
1403 1189 1514 1249 olroerde
1580 1198 1662 1260 asaegd
1679 1199 1701 1248 ia
1901 1200 2041 1250 ondetanda
2092 1202 2120 1251 ln

189 1307 247 1372 per
273 1286 409 1351 medium
445 1306 554 1350 eorum
587 1284 640 1371 qui
673 1305 743 1350 eum
776 1283 815 1349 de
846 1291 950 1348 monte
977 1281 1168 1368 praecipitare
1194 1279 1343 1344 uolebant
1375 1278 1529 1343 transierit
1557 1278 1719 1343 indicatur.
1761 1276 2118 1344 xn1.Confitentemin

208 1437 345 1483 somnunge
387 1422 457 1472 done
474 1422 563 1471 dlowel
598 1410 665 1470 ldraf
704 1422 732 1469 or
786 1432 861 1469 moun
1076 1431 1139 1467 saer
1184 1422 1265 1481 petrea
1298 1414 1315 1476 Ἰ
1368 1416 1481 1476 monigra
1553 1414 1703 1476 untrymmia
1742 1412 1835 1490 'prole
1868 1415 2121 1476 gehaeldelgahaled

191 1524 359 1589 synagoga
379 1501 563 1566 daemonem
585 1500 674 1587 pellit
695 1521 733 1564 ex
757 1499 892 1563 homine.
935 1521 1021 1561 xmr.
1043 1495 1160 1563 Somne
1180 1496 1266 1561 Petri
1287 1505 1318 1560 et
1337 1494 1506 1560 multorum
1527 1494 1720 1558 infirmorum
1741 1493 1832 1557 turba
1935 1504 2060 1558 sanatur
2161 1499 2182 1561 5

191 1653 246 1687 was
280 1635 297 1697 Ἰ
348 1638 477 1699 ondetung
581 1637 649 1686 dlola
757 1625 850 1684 lbodcn
868 1635 891 1682 is
1092 1638 1166 1681 tuam
1257 1633 1344 1695 sciopu
1435 1633 1493 1691 teng
1584 1631 1645 1678 fisca
1710 1632 1734 1678 ln
1770 1630 1838 1678 word
1873 1628 1984 1679 drihtnea
2018 1632 2115 1681 learliee

274 1728 304 1782 et
336 1717 489 1782 confessio
520 1715 706 1781 daemonum
736 1712 926 1802 prohibetur.
979 1735 1031 1776 xv.
1063 1710 1197 1776 Duobus
1225 1711 1375 1775 nauiculis
1404 1719 1530 1797 captura
1555 1709 1685 1797 piscium
1706 1709 1739 1771 in
1762 1710 1859 1774 uerbo
1901 1709 1956 1774 dni
1992 1721 2122 1798 repente

192 1818 258 1940 wari
271 1874 369 1936 gelylde
409 1871 475 1920 oudo
539 1872 679 1921 frohteudes
747 1875 828 1932 petros
889 1870 990 1917 loerano
1044 1866 1116 1917 ’dabo
1168 1868 1208 1916 his
1261 1865 1341 1928 asaegd
1360 1865 1382 1914 le
1570 1864 1640 1913 hreal
1688 1878 1743 1913 aas
1760 1864 1896 1924 gualensed
1929 1866 2030 1928 monigo
2065 1866 2123 1917 ml’d

204 1951 355 2038 conpletis
397 1951 490 2014 timor
519 1949 713 2038 pauescentis
748 1946 834 2013 Petri
862 1947 1016 2012 sociorum
1044 1966 1123 2031 quae
1157 1946 1223 2010 eius
1258 1944 1396 2010 edicitur.
1439 1968 1504 2010 aar.
1525 1943 1666 2031 Leproso
1727 1944 1876 2009 mundato
1938 1945 2028 2009 multi
2061 1945 2123 2010 uir·

193 2102 287 2149 mngue
322 2086 377 2136 drih
411 2087 528 2148 gegamod
546 2100 645 2137 aaaron
679 2085 821 2147 nutrymlgo
977 2082 1046 2132 ’eone
1063 2082 1210 2146 coroerypal
1244 2082 1340 2142 minos
1360 2081 1491 2141 gehrerlad
1509 2093 1564 2128 wne
1604 2081 1652 2129 hue
1737 2071 1817 2130 lleten
1888 2071 1942 2130 bele
1977 2083 2005 2131 ht
2041 2079 2057 2141 Ἰ
2088 2085 2125 2133 ho

206 2177 270 2231 tute
324 2166 377 2230 dni
458 2175 606 2230 curantur
687 2162 811 2227 infirmi.
875 2185 953 2228 xvn.
987 2160 1199 2248 Paralyticum
1344 2159 1460 2226 nudato
1584 2168 1664 2224 tecto
1698 2158 1857 2224 dimissum
1878 2168 1949 2231 ante
1969 2182 2003 2226 se
2030 2172 2061 2227 et
2095 2186 2114 2227 a

211 2308 291 2364 aynnu
354 2298 371 2360 Ἰ
407 2304 444 2350 tro
479 2303 603 2365 crypelnls
638 2299 730 2363 gemae
747 2300 759 2346 1
774 2299 854 2360 gebal
1040 2299 1093 2348 leui
1132 2295 1246 2356 sodo]
1330 2297 1398 2346 math
1474 2299 1502 2345 os
1578 2296 1628 2344 talo
1690 2295 1766 2357 gcced
1784 2298 1806 2344 le
1874 2296 1916 2344 hia
1934 2296 2040 2357 lyccdon
2092 2301 2120 2347 ol

192 2381 325 2469 peccatis
346 2390 379 2446 et
416 2403 434 2444 a
472 2379 611 2467 paralysi
696 2386 792 2442 curat.
902 2399 995 2439 xvrn.
1023 2375 1103 2441 Leni
1137 2377 1190 2463 qui
1224 2385 1255 2442 et
1279 2375 1436 2442 Mattheus
1463 2375 1503 2440 de
1531 2374 1653 2440 teloneo
1676 2383 1814 2438 uocatur.
1835 2385 2063 2440 murmurantes
2084 2375 2123 2440 de

231 2517 399 2577 hercynnigra
473 2515 614 2576 gebaaracip
672 2514 684 2560 1
740 2515 767 2562 ot
829 2503 902 2562 rasin
971 2503 1081 2561 lbodcno
1135 2512 1200 2561 ’dnm
1219 2514 1341 2575 brydgum
1376 2526 1410 2560 no
1476 2510 1573 2561 woedes
1628 2508 1644 2569 Ἰ
1686 2512 1763 2559 alnes
1797 2511 1873 2559 niwea
1930 2511 1987 2560 mi’d
2005 2513 2094 2574 caplng

196 2594 431 2680 publicanorum
470 2592 614 2656 conuiuio
649 2592 699 2656 uel
734 2590 773 2655 de
808 2590 921 2656 ieiunio
963 2591 1092 2656 athibita
1189 2593 1294 2679 spousi
1378 2600 1408 2656 et
1427 2591 1602 2655 uestimenti
1622 2613 1660 2655 ac
1691 2590 1756 2654 uini
1794 2590 1867 2653 noui
1894 2591 2122 2678 comparatione
2146 2593 2186 2656 10

218 2727 332 2778 beeuoe’o
590 2727 710 2776 soaconde
765 2729 792 2775 or
834 2729 932 2788 nimlng
1027 2728 1086 2777 hera
1162 2729 1189 2776 ln
1252 2727 1314 2775 sabu
1373 2726 1487 2786 eltasaegd
1529 2726 1606 2775 dauid
1674 2727 1744 2775 bisen
1825 2714 1924 2775 lencm
2093 2741 2126 2777 on

195 2805 364 2891 redarguit
407 2827 513 2870 xvun.
536 2803 729 2883 Quaerentes
749 2805 789 2870 de
811 2804 952 2870 nulsione
971 2805 1125 2893 spicarum
1151 2807 1184 2869 iu
1205 2806 1340 2870 sabbatis
1374 2805 1473 2870 relato
1514 2804 1620 2869 Dauid
1642 2803 1785 2891 exemplo
1808 2804 1971 2868 conuincit.
2011 2829 2063 2869 xx.
2085 2805 2125 2869 In

212 2955 335 3001 somnuug
408 2941 476 2990 hond
551 2941 623 3001 drugi
675 2940 753 2989 haldo
788 2941 885 3004 gelylde
904 2955 1002 2991 aaaron
1038 2941 1064 2989 ln
1084 2940 1224 2990 unwlsdom
1275 2954 1295 2989 n
1312 2943 1395 2990 laruas
1582 2940 1766 2991 oerhwneeudo
1815 2943 1841 2988 in
1904 2939 1982 3001 gebod
2052 2941 2111 2988 arlia

194 3041 359 3108 synagoga
379 3041 504 3084 manum
523 3019 642 3085 aridam
669 3030 757 3084 sanat
826 3019 951 3107 repletis
1045 3019 1219 3106 insipientia
1239 3019 1418 3106 pharisaeis.
1479 3020 1765 3086 xx1.Pernoctans
1806 3020 1838 3082 in
1866 3020 2006 3085 oratione
2034 3041 2125 3084 mane

229 3155 324 3206 tuoello
415 3163 503 3219 opacas
573 3156 684 3207 nemneb
739 3156 776 3206 ’δι
794 3155 897 3206 rinendo
931 3157 984 3205 blm
1017 3156 1127 3218 gebeled
1144 3155 1228 3206 bicon
1261 3156 1352 3206 unhalc
1530 3156 1653 3207 donando
1706 3155 1844 3206 sustando
1872 3156 2008 3219 wocpeudo
2043 3156 2114 3205 ocht-

198 3233 362 3299 duodecim
382 3233 539 3321 apostolos
559 3235 707 3300 nominat.
735 3245 900 3321 tangentes
920 3257 991 3300 eum
1051 3245 1200 3300 sanantur
1246 3237 1374 3322 aegroti.
1406 3259 1486 3300 xxrr.
1508 3236 1666 3324 Pauperes
1687 3237 1856 3301 esurientes
1889 3235 1998 3300 flentes
2023 3257 2125 3322 perse

249 3370 303 3418 nlse
408 3367 519 3417 ’dolende
568 3367 604 3418 ’δι
621 3368 698 3428 eadgo
733 3369 823 3431 cctgso
869 3384 911 3418 was
971 3370 1012 3419 'on
1026 3371 1149 3419 wloucum
1197 3368 1214 3429 Ἰ
1253 3371 1319 3421 ’cnm
1336 3371 1469 3420 hlaehendh
1524 3373 1607 3423 cuoe’c
1643 3386 1677 3421 ac
1693 3373 1705 3419 1
1721 3387 1765 3433 gae
1802 3371 1953 3422 oenandae
2006 3372 2101 3421 bebead

198 3449 354 3513 cntionem
386 3446 537 3533 patientes
579 3445 685 3511 beatos
734 3458 824 3512 uocat
861 3469 919 3512 uae
988 3448 1132 3513 diuitibus
1189 3471 1226 3514 ac
1279 3450 1449 3515 ridentibus
1510 3451 1616 3516 dicens
1664 3452 1756 3515 etiam
1803 3451 1942 3515 inimicos
1970 3453 2127 3539 praecepit

216 3593 242 3634 to
259 3586 360 3633 lusanae
395 3579 411 3641 Ἰ
484 3581 610 3644 elegenda
694 3582 706 3630 1
752 3583 818 3632 bem
836 3582 930 3632 nacode
986 3584 1047 3647 lytlo
1110 3589 1136 3632 to
1153 3573 1303 3634 lutondanne
1491 3589 1519 3635 ο1
1577 3592 1643 3636 mote
1700 3584 1716 3645 Ἰ
1754 3589 1838 3636 baama
1879 3590 1907 3637 ο1
1922 3593 1973 3637 tree
2052 3600 2087 3636 ec

198 3662 373 3751 diligendos
392 3670 424 3726 et
442 3661 647 3747 percutientes
668 3662 719 3727 uel
774 3662 903 3727 nudanti
952 3663 1079 3728 minime
1105 3663 1319 3729 resistendum.
1361 3689 1455 3729 xxm.
1478 3663 1529 3729 De
1549 3663 1668 3730 sestiaca
1694 3675 1725 3730 et
1751 3667 1839 3730 nabe
1865 3666 1978 3731 arbore
2003 3687 2126 3752 quoque
2150 3667 2188 3730 lb

207 3801 273 3864 goda
311 3795 328 3859 Ἰ
374 3798 423 3860 yfir
471 3793 542 3854 leo
576 3799 604 3846 ol
622 3797 688 3847 ’baem
704 3798 751 3848 hue
793 3797 943 3862 getlmberde
998 3798 1130 3862 geddungr
1169 3799 1253 3850 senet
1521 3792 1579 3850 ceni
1698 3801 1760 3850 ’orel
1825 3802 1916 3862 gcmc'o
1985 3801 2114 3851 biddendd

199 3880 281 3945 bona
306 3888 337 3944 ct
356 3876 439 3942 mala
459 3887 552 3964 atque
617 3876 710 3942 domo
773 3878 964 3944 aedificanda
991 3880 1139 3966 parabola
1162 3881 1259 3966 ponit.
1309 3904 1416 3945 xxrru.
1446 3879 1643 3946 Centurionis
1670 3901 1794 3944 seruum
1826 3888 1913 3944 curat
1945 3881 2126 3966 rogantibus

216 4007 241 4066 le
279 4017 337 4066 hina
423 4004 469 4066 ald
554 4012 571 4076 Ἰ
608 4031 707 4079 megum
888 4030 954 4066 suun
999 4017 1109 4067 arcendo
1144 4017 1240 4068 uiduae
1284 4021 1370 4069 moder
1449 4015 1513 4065 dead
1587 4030 1631 4077 gae
1666 4022 1692 4065 1ο
1705 4023 1797 4066 ceastre
1821 4018 1923 4078 gebroht
1957 4019 1985 4066 ol
2031 4018 2103 4066 beera

200 4117 258 4182 pro
285 4117 323 4162 eo
351 4094 522 4162 senioribus
544 4105 577 4161 et
602 4095 716 4160 amicis
767 4118 839 4160 xxv.
866 4094 965 4161 Filius
999 4098 1106 4161 unicus
1133 4096 1246 4162 uiduae
1273 4098 1379 4162 matria
1413 4105 1553 4162 mortuus
1580 4097 1641 4160 iam
1674 4097 1796 4163 ciuitate
1824 4096 1920 4162 elatus
1947 4097 1986 4162 dc
2010 4097 2126 4162 feretro

219 4231 298 4280 rweht
316 4233 338 4281 le
526 4232 593 4282 'dam
610 4233 745 4282 terendum
823 4231 866 4280 ioh
939 4233 1095 4282 ereudwrech
1128 4233 1229 4293 manige
1263 4236 1291 4282 ol
1331 4235 1371 4283 hia
1446 4235 1573 4285 miceluiac
1663 4247 1769 4297 gesprnc
1820 4230 1837 4292 Ἰ
1884 4234 1979 4283 ouahtu
2057 4236 2105 4283 slt-

201 4308 372 4374 suscitatur.
413 4331 501 4374 xxvr.
557 4309 720 4397 Regressia
761 4309 912 4376 Iohannis
962 4311 1077 4375 nuntiis
1134 4311 1232 4375 multa
1259 4311 1298 4377 de
1319 4313 1384 4378 eius
1403 4313 1616 4399 magnitudine
1643 4310 1781 4397 loquitur
1815 4322 1846 4377 et
1878 4313 1981 4400 pueris
2019 4312 2127 4378 seden-

203 4443 282 4494 tendd
315 4446 342 4492 ln
377 4442 518 4506 ’blngstowc
604 4458 722 4497 euaureeo
792 4448 924 4510 gemacade
941 4448 953 4496 1
970 4446 1091 4510 gemaea’d
1166 4447 1241 4496 iudea
1536 4448 1667 4511 hllngende
1740 4448 1794 4497 drih
1846 4452 1898 4498 loct
1950 4447 2039 4525 15¹¹?
2070 4447 2127 4498 ml’d

202 4522 285 4587 tibus
310 4523 343 4585 in
403 4522 472 4587 foro
540 4525 773 4608 generationem
855 4536 1014 4612 comparat
1108 4525 1306 4591 ludaeorum.
1355 4549 1456 4591 xxvn.
1481 4525 1709 4591 Discumbentis
1736 4526 1790 4591 dni
1818 4527 1913 4614 pedes
1933 4527 2046 4591 mulier
2080 4527 2123 4589 la

202 4662 290 4709 terrun
338 4656 428 4708 cocao
471 4654 487 4718 Ἰ
544 4658 646 4708 aaran
724 4671 829 4722 emcang
884 4660 1005 4723 gedduug
1072 4669 1158 4711 tueare
1191 4660 1340 4723 gerrardi·
1390 4664 1514 4725 scyldlgra
1749 4663 1817 4714 ’cam
1834 4663 1949 4714 bodarde
1990 4662 2076 4710 drihm
2108 4657 2126 4721 Ἰ

202 4737 305 4802 crimin
339 4735 422 4823 rigat
463 4748 495 4804 et
513 4736 665 4825 pharisaei
694 4737 838 4824 cogitatio
864 4739 1014 4826 parabola
1040 4739 1173 4805 duorum
1198 4740 1339 4826 arguitur
1365 4740 1548 4806 debitorum.
1591 4763 1705 4805 xxvru.
1730 4741 1969 4829 Euangeliaauti
2001 4738 2063 4804 dno
2098 4748 2130 4806 et
2150 4741 2191 4805 20

221 4873 333 4936 ³bagnum
385 4874 425 4923 hle
504 4874 562 4923 vdlo
620 4877 649 4923 ol
673 4873 744 4922 hiare
771 4874 929 4924 macedonia
1008 4875 1104 4923 velum
1190 4875 1335 4925 embahtada
1407 4877 1523 4939 geddung
1583 4878 1682 4928 oec'eon
1706 4877 1920 4939 emerendam)
1962 4873 2088 4937 laesam

203 4952 360 5039 discipulis
373 4952 439 5017 eius
454 4952 599 5018 mulieres
613 4952 653 5018 de
677 4952 740 5017 auia
772 4952 918 5018 dicuntur
936 4954 1132 5033 facultatibus
1152 4955 1351 5021 ministrasse.
1371 4957 1551 5043 parabolam
1573 4979 1697 5044 quoque
1715 4959 1893 5023 seminantis
1914 4957 2130 5044 insanumque

239 5077 327 5138 loeta
416 5084 434 5146 Ἰ
506 5093 599 5150 matta
616 5088 628 5137 1
645 5089 726 5152 sagda
963 5089 1101 5167 piabunt
1141 5092 1222 5142 undar
1272 5094 1329 5141 rata
1380 5106 1412 5143 ne
1462 5099 1489 5143 to
1507 5100 1619 5145 sattanne
1658 5092 1675 5156 Ἰ
1727 5095 1763 5146 ’oa
1802 5094 1934 5172 *pmoder
1983 5092 2114 5154 {lbro'oro

203 5166 349 5252 proponit
377 5175 471 5252 atque
543 5167 678 5254 exponit.
765 5191 909 5234 ,xxvnra
939 5168 1114 5234 Lucernam
1145 5170 1203 5235 sub
1252 5191 1326 5235 uase
1352 5192 1416 5237 non
1444 5173 1622 5260 ponendam
1647 5185 1679 5241 et
1710 5196 1763 5240 eos
1799 5183 1929 5240 matrem
1956 5174 2130 5259 inanesque

267 5319 286 5360 1.
307 5317 405 5361 diabolis
416 5317 463 5364 13.
476 5319 605 5364 adimarus.
630 5320 679 5365 ni.
692 5323 753 5378 syri.
778 5326 798 5366 ¹1.
814 5325 828 5368 Ι.
842 5301 1006 5379 norom-rua.
1029 5325 1050 5370 8.
1064 5327 1079 5370 1.
1093 5326 1223 5370 demissum.
1249 5327 1281 5370 to.
1297 5328 1313 5370 1.
1330 5326 1440 5370 adhiblta.
1466 5326 1499 5370 1³.
1513 5326 1626 5370 rrinendc
1642 5327 1687 5372 118.
1701 5325 1835 5370 recinenda.
1861 5326 1893 5368 111.
1907 5326 2046 5380 parabolam.
