4748 6098
1056 356 1301 432 ..53..

202 568 256 605 com
301 562 329 606 ιο
370 556 430 606 him.
572 555 588 617 Ἰ
619 556 842 605 ondsworsdshtm
863 555 956 605 tebet
989 555 1068 607 ewe’t
1159 557 1230 604 beat
1247 557 1336 616 wylttu
1359 554 1463 631 jetaba
1506 554 1581 615 gidos
1663 552 1794 604 tsbltnda
1820 553 1954 605 wutudttos
1972 553 2051 605 οπο
2067 554 2120 603 btm

186 635 271 698 uenit
296 635 336 698 ad
364 656 444 700 eum.
486 637 537 700 bl.
561 634 602 699 Et
639 635 828 722 respondens
868 635 957 699 lesus
994 634 1074 700 dixit
1092 633 1137 698 illi
1160 634 1234 719 quid
1274 634 1321 697 uis
1374 633 1429 697 tibi
1479 633 1617 697 faciam?
1673 654 1782 698 caecus
1833 642 1936 699 autem
1969 633 2048 698 dixit
2077 634 2107 700 ei

185 770 263 818 larow
280 772 346 832 good
374 769 459 847 *peste
502 772 565 834 gisia
710 771 803 822 ’babet
828 772 963 822 wntndlics
981 771 1059 821 cuas’t
1076 771 1164 821 tobtm
1190 783 1237 831 gna
1274 770 1362 830 sileam
1399 771 1448 820 'tin
1477 770 1527 821 tac
1584 771 1658 818 balns
1692 771 1778 832 gtdoss
1812 768 1828 830 Ἰ
1899 782 1962 819 sons
2044 768 2119 829 giret

195 848 339 915 Rabboni
395 862 429 914 ut
471 849 600 914 uideam.
642 852 693 915 52.
714 850 803 914 lesus
851 859 954 914 autem
999 851 1041 914 ait
1095 849 1142 913 illi
1174 849 1255 914 uode
1285 848 1362 913 fides
1392 861 1445 915 tua
1484 860 1516 915 te
1550 849 1671 914 saluum
1696 849 1777 914 fecit.
1798 857 1831 915 et
1852 847 2013 914 confestim
2040 846 2118 911 uidit

190 983 208 1046 Ἰ
283 985 376 1048 ryngea
462 987 514 1035 btm
558 999 590 1034 on
634 1000 703 1048 weg.

186 1072 218 1129 et
245 1066 431 1151 sequebatur
458 1086 529 1130 cum
557 1065 591 1128 in
632 1065 691 1129 uia.
1113 1084 1135 1137 u

553 1199 569 1261 Ἰ
610 1200 708 1262 msesy
765 1207 792 1250 ιο
811 1202 986 1264 ginsoltcsdun
1069 1204 1217 1252 hierusalem
1276 1200 1292 1262 Ἰ
1352 1201 1468 1251 bethania
1516 1208 1543 1250 ιο
1608 1215 1677 1253 mors
1738 1203 1891 1252 eslsbeornss
1917 1202 1993 1251 sande
2026 1207 2121 1264 tvoegs

312 1279 388 1368 Cap.
410 1279 469 1345 XI.
493 1283 520 1344 1.
542 1278 584 1345 Ει
620 1302 691 1347 curn
729 1284 1012 1368 appropinquarent
1036 1282 1249 1370 lerosolymae
1268 1292 1299 1349 et
1318 1281 1490 1346 Bethaniae
1511 1282 1551 1345 ad
1571 1292 1708 1348 montem
1729 1280 1894 1347 Olinarum
1914 1280 2006 1344 mittit
2035 1280 2118 1345 duos

187 1453 214 1500 oi
272 1451 384 1512 ’teanum
440 1452 480 1501 bis
596 1450 612 1513 Ἰ
649 1453 728 1503 curati
763 1452 831 1502 'bem
865 1467 910 1512 gas
944 1455 971 1502 in
1045 1461 1127 1506 cestre
1212 1453 1264 1532 pita
1318 1471 1420 1518 ongaegn
1464 1459 1512 1505 tow
1546 1402 1639 1516 idsbtc)
1674 1451 1690 1513 Ἰ
1727 1467 1788 1503 sons
1873 1453 1995 1514 ingentes

186 1551 224 1595 ex
247 1530 405 1617 discipulis
426 1532 488 1594 suis
536 1532 565 1595 2.
587 1541 617 1596 et
665 1532 708 1595 ait
765 1532 826 1595 illis
867 1531 908 1597 ite
938 1530 971 1595 in
1000 1533 1160 1599 castellum
1194 1533 1279 1620 quod
1314 1545 1422 1599 contra
1457 1556 1512 1597 uos
1544 1542 1590 1598 est
1663 1541 1693 1597 et
1711 1532 1813 1596 statim
1834 1532 2024 1597 introcuntes
2045 1528 2120 1594 illuc
2160 1530 2181 1593 b

166 1658 241 1719 'bet
256 1682 287 1730 ga
304 1667 420 1718 onfindes
456 1668 526 1719 'tona
542 1669 594 1718 tols
627 1669 787 1731 gibandsnne
837 1670 889 1716 oter
952 1666 1021 1719 ’tons
1088 1673 1139 1730 gstt
1199 1672 1281 1731 nantg
1367 1681 1426 1717 mon
1512 1671 1593 1730 gtsastt
1627 1668 1751 1717 nnbindas
1786 1667 1855 1717 ’tone
1913 1665 1929 1728 Ἰ
1972 1672 1999 1715 ιο
2016 1665 2119 1727 gilardus

228 1748 389 1813 inuenietis
463 1747 583 1835 pullum
642 1747 771 1834 ligatum
812 1767 906 1832 super
935 1767 1029 1832 quem
1059 1746 1162 1811 adhuc
1192 1770 1284 1812 nemo
1315 1747 1476 1812 hominum
1513 1746 1593 1812 sedit
1630 1747 1741 1812 soluite
1773 1745 1862 1810 illum
1907 1753 1937 1810 et
1968 1744 2119 1809 adducite

254 1882 270 1945 Ἰ
307 1885 346 1947 gif
377 1886 455 1934 buslo
495 1884 543 1933 low
595 1883 722 1932 bicws‘tss
756 1883 827 1930 beat
863 1881 932 1932 dost
949 1896 979 1943 ge
1014 1882 1130 1933 careotas
1167 1882 1244 1934 ’tutte
1294 1883 1391 1932 drihtne
1426 1883 1523 1932 blboefs
1541 1883 1553 1930 t
1571 1882 1681 1932 nodbari
1721 1881 1744 1931 is
1792 1877 1808 1941 Ἰ
1896 1894 1959 1930 sens
2054 1880 2112 1928 bins

187 1963 216 2028 3.
238 1962 280 2028 Et
310 1963 336 2027 si
380 1963 449 2048 quis
480 1962 569 2028 uobis
606 1961 719 2028 dixerit
761 1961 836 2047 quid
866 1960 989 2026 facitis?
1031 1961 1123 2027 dicite
1175 1960 1247 2047 quie
1279 1961 1405 2026 domino
1459 1961 1647 2025 necessarius
1711 1968 1757 2025 est
1787 1967 1818 2024 et
1851 1958 1997 2023 continuo
2032 1956 2122 2022 illum

206 2101 305 2150 forletas
339 2101 410 2150 btdsr
528 2096 544 2159 Ἰ
603 2100 709 2149 rosrdnu
779 2099 910 2148 ontundun
983 2098 1035 2145 fols
1086 2098 1247 2158 gibundanns
1281 2100 1361 2146 bifora
1397 2096 1456 2145 ’ten
1474 2096 1532 2144 dors
1572 2103 1614 2145 ute
1655 2101 1687 2145 at
1720 2095 1894 2157 wosgagssstu
1928 2092 1944 2154 Ἰ
1981 2095 2122 2144 unbundnn

187 2176 318 2244 dimittet
337 2179 407 2243 buc.
463 2176 557 2242 4.Et
578 2178 726 2243 abeuntes
747 2177 932 2243 inuenerunt
952 2175 1073 2263 pullum
1103 2175 1232 2260 ligatum
1279 2184 1349 2239 ante
1396 2174 1522 2238 ianuam
1553 2175 1628 2239 foris
1650 2175 1681 2238 in
1765 2175 1849 2240 biuio
1918 2184 1949 2239 et
1991 2174 2118 2240 soluunt

186 2314 244 2364 bins
376 2311 392 2375 Ἰ
452 2328 522 2363 sums
580 2315 608 2363 of
641 2314 695 2365 ’ter
729 2314 898 2364 stondsndum
936 2313 1039 2362 owsdun
1085 2313 1137 2361 btm
1177 2314 1249 2362 huet
1288 2311 1349 2361 deas
1365 2326 1395 2374 gs
1446 2312 1569 2361 nnbindas
1620 2311 1689 2361 ’tona
1706 2312 1758 2362 iola
1877 2311 1949 2362 ’stes
1991 2313 2095 2362 cwsdun

186 2416 267 2459 eum.
310 2392 550 2479 estquidam
572 2391 611 2456 de
639 2391 704 2454 illic
739 2391 890 2456 stantibus
918 2390 1061 2455 dicebant
1087 2390 1149 2454 illis
1184 2390 1258 2476 qnid
1296 2389 1395 2455 facitis
1434 2391 1589 2455 soluentes
1623 2390 1769 2476 pullum?
1821 2390 1850 2454 6.
1882 2390 1945 2470 Qui
1978 2390 2123 2456 dixerunt

187 2530 240 2578 htm
274 2543 325 2577 swa
363 2529 465 2590 gibaten
481 2528 561 2576 haerde
596 2527 639 2574 bit
672 2526 708 2576 ’ds
725 2527 774 2575 hcet
807 2525 823 2588 Ἰ
877 2526 1013 2575 rorlsortun
1056 2526 1115 2574 bins
1222 2523 1238 2586 Ἰ
1300 2526 1400 2574 laddnn
1453 2526 1584 2576 bonstola
1618 2533 1644 2575 tc
1681 2526 1748 2576 ’bem
1767 2527 1817 2574 bet
1850 2524 1866 2586 Ἰ
1913 2533 2031 2577 onsettnn
2065 2527 2123 2575 htns

187 2606 231 2669 eis
259 2604 338 2670 siout
366 2612 565 2692 praeceperat
584 2603 645 2667 illis
676 2602 765 2670 Iesus
803 2614 834 2670 et
855 2604 1035 2670 dimiserunt
1048 2604 1108 2669 cis.
1151 2605 1180 2668 7.
1202 2603 1243 2668 Et
1263 2604 1420 2669 duxerunt
1453 2605 1573 2692 pullum
1607 2603 1647 2667 ad
1693 2605 1798 2668 Iesum
1837 2613 1868 2669 et
1887 2605 2049 2692 imponrmt
2075 2604 2122 2670 illi
2144 2606 2185 2670 10

239 2743 336 2803 gigsrlu
395 2741 435 2788 bis
477 2737 493 2800 Ἰ
549 2746 594 2788 set
658 2742 712 2790 ofer
771 2741 823 2789 him
942 2739 989 2790 ’tio
1006 2754 1098 2802 msngn
1132 2740 1267 2790 wntndltcs
1334 2741 1431 2800 gtwsdo
1494 2742 1564 2791 hiera
1598 2743 1718 2791 braddun
1734 2742 1747 2789 t
1763 2742 1854 2804 legdon
1890 2755 1923 2791 on
1957 2755 2027 2803 wosg
2060 2740 2125 2792 obre

188 2821 368 2886 uestimenta
388 2841 444 2881 sua
471 2828 502 2883 et
533 2816 613 2882 sedit
637 2839 731 2905 super
755 2839 835 2883 eum.
879 2819 909 2884 8.
969 2818 1062 2883 Multi
1144 2828 1246 2884 autem
1289 2820 1470 2885 uestimenta
1501 2843 1556 2884 sua
1638 2830 1815 2886 strauernnt
1887 2820 1921 2883 in
1962 2820 2014 2884 uia
2064 2819 2117 2884 alii

189 2959 275 3010 bonne
318 2957 354 3008 'ta
371 2957 447 3018 twlgn
481 2955 608 3019 gibegdnn
624 2957 636 3004 t
654 2955 749 3005 rendun
769 2956 805 3007 ’ts
822 2957 887 3018 tolga
923 2956 951 3004 or
990 2953 1058 3005 ’tam
1075 2961 1156 3005 trsum
1189 2953 1205 3016 Ἰ
1273 2956 1375 3006 strsdun
1455 2971 1487 3006 on
1524 2956 1592 3007 bons
1605 2971 1673 3019 wosg
1799 2955 1815 3017 Ἰ
1853 2956 1933 3007 bats
1967 2959 2019 3007 fers
2038 2956 2122 3007 scdun

187 3048 290 3104 autem
315 3037 442 3103 frondes
607 3034 778 3101 caedebant
912 3034 951 3098 dc
992 3035 1153 3099 arboribus
1185 3044 1216 3101 et
1246 3037 1424 3100 sternebant
1451 3036 1484 3098 in
1567 3036 1626 3099 uia.
1732 3036 1761 3101 9.
1783 3034 1825 3101 Et
1867 3034 1921 3121 qui
1961 3035 2122 3123 praeibant

195 3170 211 3232 Ἰ
250 3170 330 3222 {aba
401 3171 516 3234 tyligdun
602 3172 737 3234 cliopadun
778 3170 915 3220 cwsbsnds
949 3172 974 3220 la
992 3172 1038 3220 herl
1055 3173 1111 3222 rsib
1240 3187 1266 3222 ss
1284 3174 1407 3235 giblstssd
1442 3173 1505 3223 sobo
1540 3188 1596 3224 eom
1654 3175 1681 3221 in
1741 3186 1815 3222 noma
1884 3172 1995 3221 drihtnss
2063 3175 2100 3223 sie

188 3260 218 3316 et
260 3250 311 3336 qui
354 3249 563 3335 sequebantur
584 3248 759 3314 clamabant
780 3246 914 3312 dicentes
954 3247 1114 3312 Hosanna.
1159 3253 1207 3314 10.
1229 3251 1417 3318 Benedictus
1446 3255 1499 3340 qui
1529 3255 1614 3319 uenit
1650 3253 1683 3317 in
1722 3253 1847 3319 nomine
1880 3252 1997 3317 domini
2031 3251 2123 3316 bene·

186 3387 309 3449 giblstsad
359 3383 386 3461 15
432 3398 508 3434 eccm
561 3385 589 3433 in
606 3387 656 3432 rtcs
708 3383 779 3432 tader
829 3395 887 3431 usos
931 3382 1041 3434 danitas
1075 3386 1101 3433 la
1118 3387 1163 3434 hal
1182 3386 1239 3434 usib
1273 3388 1300 3436 in
1336 3389 1480 3438 bsonissum
1614 3386 1630 3449 Ἰ
1694 3391 1783 3438 insede
1875 3389 2023 3438 hiemsalem
2092 3389 2120 3436 tn

189 3463 303 3529 dictum
332 3465 416 3551 quod
438 3464 523 3529 uenit
542 3485 674 3550 regnum
694 3459 788 3548 patris
808 3462 906 3526 nostri
932 3461 1044 3527 Dauid.
1076 3461 1225 3527 Hosanna
1269 3465 1301 3528 in
1338 3467 1476 3530 excelsis.
1529 3469 1578 3532 11.
1598 3465 1640 3531 Ει
1667 3467 1805 3532 introiuit
1833 3466 2061 3553 ierosolymam
2087 3465 2120 3529 in

222 3602 315 3666 templs
370 3600 386 3663 Ἰ
431 3601 529 3662 mreey
547 3600 732 3663 ymbsesowads
815 3599 850 3647 all
925 3598 1023 3660 mt’e’by
1073 3614 1103 3662 gs
1170 3603 1237 3648 stem
1294 3615 1350 3650 was
1468 3602 1579 3663 giscards
1608 3604 1636 3651 tn
1691 3604 1808 3652 bethania
1873 3602 1931 3653 mit
1987 3604 2098 3651 twsltnm

188 3681 340 3769 templum
361 3691 393 3746 et
468 3679 694 3766 circumspectis
757 3679 899 3743 omnibus
941 3700 1012 3742 cum
1049 3678 1110 3742 iam
1132 3700 1260 3766 uespera
1282 3690 1361 3744 esset
1378 3679 1457 3744 bora
1487 3681 1562 3745 exiit
1600 3680 1632 3743 in
1653 3679 1836 3745 Bethaniam
1858 3704 1929 3745 cum
1949 3680 2120 3746 duodecim.
2142 3681 2183 3746 15

271 3817 287 3879 Ἰ
331 3817 394 3869 obre
430 3817 497 3878 dege
536 3815 633 3878 mi't'ty
672 3814 778 3864 ioardun
812 3817 876 3864 from
935 3817 1010 3865 bstba
1069 3815 1218 3878 gtbyncrsds
1342 3814 1475 3878 Jmtbby
1526 3815 1601 3876 giseb
1680 3817 1758 3866 saorra
1811 3816 1866 3866 'tofi
1882 3819 1990 3867 ficbsom
2030 3817 2097 3866 bab-

192 3899 239 3962 12.
261 3896 312 3997 Et
330 3896 391 3960 alia
437 3894 487 3961 die
550 3915 620 3959 cum
668 3894 788 3960 exirent
837 3916 856 3957 a
897 3895 1049 3961 Bethania
1091 3895 1204 3961 esuriit.
1269 3896 1317 3960 13.
1340 3893 1482 3982 Cumque
1503 3896 1629 3960 uidisset
1649 3918 1668 3959 a
1689 3895 1783 3982 longe
1851 3896 1945 3962 ficum
2005 3897 2122 3963 baben-

190 4035 270 4086 bande
311 4035 362 4082 leot
399 4047 455 4083 com
494 4032 533 4094 git
564 4047 595 4095 gs
612 4031 683 4079 huet
717 4030 784 4080 saba
847 4032 944 4092 gimitts
1008 4033 1035 4079 in
1070 4029 1138 4080 ’tem
1172 4028 1188 4091 Ἰ
1235 4032 1333 4095 mtt’ty
1389 4044 1479 4081 eomnn
1540 4038 1566 4081 ιο
1619 4031 1685 4081 'bem
1724 4034 1819 4082 nowtbt
1861 4033 1949 4082 iurand
2017 4035 2100 4084 butun

189 4122 252 4179 tem
293 4112 368 4177 folia
388 4112 474 4176 uenit
500 4112 525 4175 si
589 4109 663 4197 quid
709 4110 791 4173 forte
819 4108 973 4175 inueniret
1002 4111 1034 4173 in
1086 4130 1123 4174 ea
1169 4118 1200 4173 et
1247 4132 1318 4174 cum
1364 4110 1499 4177 uenisset
1532 4110 1572 4175 ad
1619 4132 1687 4175 eam
1730 4111 1808 4175 nihil
1846 4111 1966 4176 inuenit
1999 4123 2126 4200 praeter

190 4265 283 4316 lsoinm
319 4277 350 4312 ns
384 4264 477 4315 torbcn
513 4276 568 4312 aes
635 4263 672 4311 tid
733 4261 796 4312 ’esra
812 4262 935 4311 ficbsoma
1060 4260 1077 4320 Ἰ
1131 4260 1292 4311 ondsworsde
1330 4263 1408 4312 sves
1444 4265 1496 4312 tim
1530 4264 1628 4313 wutudi
1671 4279 1703 4313 no
1788 4265 1846 4325 lsng
1906 4265 1935 4313 in
2003 4266 2098 4316 acuisse

191 4344 274 4410 folia.
306 4363 368 4407 non
390 4342 472 4406 enim
504 4351 570 4407 erat
589 4351 711 4428 tempus
774 4342 913 4406 ficorum.
978 4342 1027 4405 14.
1048 4338 1091 4405 Et
1111 4339 1303 4427 respondens
1326 4340 1402 4403 dixit
1454 4341 1482 4405 ei
1545 4342 1607 4406 iam
1648 4363 1713 4407 non
1744 4342 1877 4430 amplius
1902 4344 1935 4407 in
1963 4355 2123 4410 aeternum

209 4498 274 4558 enlg
288 4509 347 4545 mon
381 4496 446 4544 trem
480 4494 516 4544 ’ts
550 4499 656 4542 uastam
747 4494 808 4545 sts't
899 4493 915 4553 Ἰ
978 4495 1099 4555 gibardus
1162 4493 1258 4554 'tegnas
1315 4494 1354 4541 his
1490 4489 1507 4552 Ἰ
1562 4507 1649 4543 oomon
1753 4500 1780 4544 ιο
1798 4494 1855 4543 star
1962 4495 1978 4555 Ἰ
2024 4496 2121 4559 mitsy

192 4576 355 4662 quisquam
390 4595 428 4639 ex
481 4583 513 4638 te
533 4573 666 4637 fructum
686 4572 859 4638 manducet
889 4583 921 4639 et
946 4573 1112 4640 audiebant
1132 4572 1273 4659 discipuli
1294 4573 1367 4637 eius.
1410 4571 1459 4637 16.
1481 4570 1523 4635 Et
1543 4572 1671 4637 ueniunt
1688 4573 1924 4661 lerosolymam.
1953 4583 1985 4639 et
2041 4597 2111 4640 cnm

201 4724 335 4775 lnfosrdnn
422 4725 490 4775 ’sons
507 4726 601 4788 tampsi
635 4737 715 4786 engen
750 4724 854 4773 sordrits
888 4726 925 4775 ’ta
941 4727 1093 4788 bibyccsnds
1128 4724 1144 4786 Ἰ
1181 4725 1218 4775 bs
1235 4726 1371 4787 bibycsnde
1388 4726 1442 4787 (stc)
1478 4726 1504 4772 tn
1551 4727 1641 4789 temple
1692 4724 1708 4787 Ἰ
1761 4729 1843 4778 bscdo
1902 4726 1966 4777 ’tara
1981 4733 2108 4788 mynstsra

192 4806 349 4872 introisset
369 4805 401 4869 in
433 4803 584 4891 templum
626 4807 728 4891 coepit
748 4803 858 4868 eiicere
907 4803 1075 4869 uendentes
1126 4814 1158 4869 et
1209 4812 1345 4869 ementes
1477 4804 1509 4866 in
1535 4805 1651 4890 templo
1680 4814 1710 4869 et
1737 4828 1858 4872 mensas
1879 4806 2122 4871 numulariorum
2142 4806 2185 4872 20

200 4953 217 5016 Ἰ
279 4958 371 5007 seotlss
447 4956 612 5017 bibyccendrs
664 4956 700 5007 ba
716 4958 811 5005 culutrs
846 4957 942 5005 ofesrde
960 4957 972 5003 t
988 4945 1056 5004 idraf
1177 4954 1193 5016 Ἰ
1248 4970 1278 5006 ns
1327 4954 1417 5018 gilstds
1451 4954 1504 5032 jeta
1561 4957 1625 5018 osnig
1684 4957 2047 5007 oisrtarandstimenderrsrs
2081 4959 2124 5006 tat

188 5043 225 5141 'et
244 5037 406 5101 cathedras
428 5035 627 5101 uendentium
656 5034 814 5099 columbas
891 5035 1008 5100 euertit.
1094 5036 1142 5098 16.
1163 5034 1206 5099 Et
1226 5056 1288 5102 non
1312 5034 1432 5098 sinebat
1460 5043 1493 5098 ut
1522 5034 1652 5119 quisque
1774 5035 1953 5100 transferret
2067 5057 2123 5101 uas

196 5185 258 5236 berb
285 5187 338 5238 ’aas
349 5190 442 5251 tempel
563 5183 579 5246 Ἰ
641 5187 714 5236 larda
758 5186 895 5236 owstsnde
929 5189 981 5236 him
1016 5188 1095 5236 abne
1132 5189 1250 5235 'awriten
1303 5188 1324 5235 ts
1365 5183 1417 5258 ῇιο
1486 5186 1533 5234 bus
1593 5186 1646 5235 min
1706 5188 1752 5236 bus
1821 5187 1921 5248 gibsdss
1956 5189 2057 5250 giesgsd
2075 5188 2125 5239 sm

195 5286 251 5352 per
283 5267 440 5353 templum.
474 5267 523 5331 17.
544 5265 586 5331 Et
606 5264 737 5331 decebat
777 5264 881 5330 dicens
932 5266 975 5331 eis
995 5285 1100 5330 nonne
1118 5265 1266 5351 scriptum
1287 5273 1333 5329 est
1355 5264 1427 5351 quia
1446 5263 1556 5328 domus
1576 5285 1646 5330 mea
1666 5264 1776 5329 domus
1796 5265 1941 5330 orationis
1963 5266 2124 5332 uocabitur
