4748 6098
353 1151 468 1235 Hasce
495 1168 637 1256 plagulas
665 1188 764 1251 aequo
794 1167 931 1229 virorum
958 1165 1121 1228 doctorum
1147 1165 1259 1228 iudicio
1282 1165 1386 1249 paucis
1409 1167 1635 1231 commendatas
1658 1166 1759 1230 velim.

357 1271 487 1338 Obtinct
507 1269 587 1331 inter
602 1266 763 1329 thesauros
784 1264 882 1328 Musei
900 1262 1070 1327 Britannici
1087 1283 1181 1324 manu
1199 1262 1328 1346 scriptos
1347 1262 1499 1347 insignem
1517 1263 1619 1327 locum
1638 1264 1880 1350 evangeliarium
1895 1263 1981 1328 Ncro
1999 1264 2030 1328 D
2048 1264 2103 1328 IV
2120 1265 2223 1350 signa·
2327 1309 2349 1322 ..

230 1384 309 1452 tum,
330 1369 413 1456 quod
431 1390 469 1432 ex
489 1367 546 1429 viri
567 1364 663 1429 sancti
685 1363 824 1441 nomine,
844 1361 876 1425 in
897 1361 1151 1425 cuius-honorem
1169 1361 1251 1423 circa
1271 1360 1366 1424 finem
1387 1361 1482 1424 seculi
1496 1361 1564 1424 VII
1585 1363 1624 1425 ab
1645 1361 1794 1426 Etdfrido
1811 1363 1846 1446 (†
1861 1360 2058 1448 DOOXXI),
2076 1363 2224 1428 ecclesiae
2336 1367 2339 1373 ’

231 1465 509 1531 Lindisfarneensis
536 1463 693 1549 episcopo,
714 1461 793 1524 mira
817 1481 887 1523 eum
915 1471 981 1524 arte
1008 1467 1168 1523 armatum
1197 1467 1257 1538 est,
1286 1458 1400 1522 librum
1428 1457 1461 1525 S.
1491 1457 1655 1525 cuthberti
1682 1462 1716 1544 (†
1744 1459 1818 1524 XX.
1846 1467 1935 1525 Mart.
1957 1459 2222 1547 DOLXXXV'II)

232 1565 390 1653 appellare
410 1563 518 1628 solent.
562 1557 658 1639 Sunt,
679 1558 732 1643 qui
754 1556 886 1623 eundem
907 1557 1022 1620 librum
1042 1579 1062 1619 a
1082 1556 1175 1637 locis,
1197 1556 1250 1621 ubi
1272 1578 1333 1619 nna
1354 1579 1424 1620 curn
1445 1557 1581 1643 reliquiis
1602 1558 1696 1621 sancti
1719 1558 1902 1623 confessoris
1921 1580 1978 1646 per
1997 1559 2095 1623 multa
2119 1558 2225 1624 secula

232 1673 404 1729 asservatus
431 1675 491 1740 est,
520 1658 570 1722 vel
597 1656 915 1735 Lindisfarneensem,
942 1654 992 1720 vel
1019 1653 1279 1735 Dunelmcnscm,
1307 1656 1451 1719 vocitent.
1502 1655 1566 1722 Sed
1595 1678 1665 1719 cum
1694 1656 1838 1720 universa
1865 1657 2045 1721 nobilissimi
2075 1657 2165 1721 huius
2194 1665 2226 1722 et

232 1762 351 1850 pietatis
373 1769 403 1824 et
422 1756 591 1820 industriae
611 1753 757 1841 pristinae
776 1753 967 1817 monumenti
993 1752 1120 1816 historia
1147 1753 1355 1817 memorabilis
1384 1754 1455 1816 satis
1476 1753 1515 1818 sit
1536 1765 1621 1835 nota,
1651 1763 1779 1840 propter
1807 1755 1933 1820 nomina
1952 1765 2072 1821 tantum
2092 1757 2125 1820 in
2144 1777 2225 1820 mar·

231 1862 305 1946 gine
323 1857 468 1922 inferiore
489 1854 619 1941 paginae
640 1852 758 1937 primae
778 1852 934 1939 apposita,
955 1851 1032 1915 haec
1051 1851 1228 1914 adnotanda
1249 1872 1315 1915 esse
1334 1851 1410 1914 mihi
1433 1852 1584 1916 videntur.

357 1952 564 2021 anilualdus
586 1949 799 2033 (AE'oelwold,
821 1954 843 2032 †
863 1947 1113 2034 DOOXXXX),
1134 1948 1275 2012 Eadfridi
1295 1949 1327 2012 in
1348 1950 1524 2037 episcopatu
1546 1970 1718 2032 successor,
1746 1951 1884 2015 codicem
1904 1947 2141 2032 interciatam
2160 1972 2226 2016 mo-

234 2053 358 2116 nasterii
380 2049 658 2116 Lindisfarneensis
680 2060 876 2113 numeratum
902 2046 1087 2131 imaginibus
1108 2056 1138 2110 ct
1158 2046 1254 2111 literis
1274 2048 1449 2112 maiusculis
1471 2049 1635 2114 artificiose
1655 2048 1783 2135 expietis
1804 2050 1983 2132 illustravit,
2003 2061 2034 2116 ct
2054 2074 2073 2115 a
2093 2049 2227 2115 Bilhido

235 2152 420 2215 anachoreta
447 2148 595 2235 gemmis,
629 2169 705 2212 auro
734 2157 766 2211 ct
790 2158 922 2233 argento
958 2144 1184 2225 circumclusis,
1220 2145 1410 2210 extrinsecus
1438 2147 1612 2211 ornandum
1638 2148 1764 2211 curavit
1813 2146 1905 2213 Circa
1931 2149 2067 2213 medium
2094 2148 2229 2234 denique

233 2249 370 2314 seculum
390 2247 457 2312 XII
480 2246 645 2333 presbyter
665 2245 791 2331 quidam
811 2243 986 2323 Aldrddus,
1004 2243 1183 2307 monasterii
1202 2243 1439 2326 Dunelmcnsis,
1461 2246 1505 2309 uti
1526 2246 1678 2310 coniiccre
1698 2245 1783 2327 licet,
1804 2246 1919 2328 incola,
1938 2247 2075 2312 codicem
2095 2248 2228 2312 vocabu·

232 2348 270 2412 lis
292 2347 437 2432 anglicis,
458 2365 538 2430 quac
560 2343 662 2407 latinis
683 2344 911 2430 superscripsit,
932 2352 1032 2405 totum
1051 2342 1268 2428 interpretatus
1289 2351 1344 2406 cst
1385 2342 1454 2407 Has
1474 2344 1707 2430 evangeliorum
1727 2344 1859 2429 glossas,
1888 2344 2051 2408 dialectum
2072 2344 2229 2410 Northan·

235 2446 441 2531 hymbrorum
464 2444 648 2522 referentes,
674 2442 706 2504 in
728 2440 807 2504 libro
829 2440 993 2526 separatim
1014 2439 1096 2504 edite
1116 2439 1159 2502 ita
1179 2439 1292 2525 digessi
1315 2449 1345 2504 et
1372 2442 1524 2527 disposui,
1552 2452 1588 2506 ut
1614 2443 1790 2507 continuam
1815 2444 1986 2510 orationem
2014 2444 2172 2509 efficerent
2198 2452 2230 2508 et

236 2565 315 2623 uno,
335 2551 372 2605 ut
390 2543 492 2619 aiunt,
515 2550 623 2604 tenore
645 2538 708 2623 legi
727 2547 866 2624 possent,
889 2537 1014 2601 adiectis
1033 2545 1192 2623 praeterea
1213 2535 1452 2623 praefationibus
1474 2560 1643 2626 earumque
1662 2541 1790 2627 glossis,
1817 2552 1968 2628 quotquot
1994 2552 2062 2606 tum
2082 2542 2114 2605 in
2134 2541 2229 2605 mani-

236 2640 293 2704 bus
313 2639 475 2703 habebam.

364 2735 409 2802 Ut
431 2757 505 2799 vero
527 2746 699 2821 susceptam
720 2758 738 2797 a
760 2754 810 2797 me
832 2754 958 2819 operam
979 2730 1019 2795 ad
1041 2741 1159 2796 certum
1180 2731 1336 2816 quendam
1356 2731 1450 2798 finem
1470 2734 1687 2822 perducerem,
1710 2738 1742 2801 in
1764 2738 1915 2823 Angliam
1935 2739 2090 2823 profectus
2110 2738 2229 2825 glossas

238 2836 328 2899 etiam
351 2844 422 2898 tunc
444 2833 575 2897 ineditas
596 2855 614 2897 e
634 2833 740 2897 codice
761 2831 827 2917 ipse
848 2831 1007 2918 descripsi,
1034 2851 1109 2916 quas
1130 2851 1229 2911 nunc,
1256 2831 1339 2916 typis
1360 2831 1539 2918 impressas,
1568 2834 1599 2896 in
1626 2836 1748 2922 paginis
1772 2837 1872 2900 1—17
1894 2838 1977 2900 foras
1999 2837 2137 2902 emittere
2158 2859 2230 2902 con·

237 2933 329 2997 stitui.
365 2932 424 2996 His
445 2931 572 2995 adiunxi
592 2931 637 3015 (in
658 2954 700 3018 pp
721 2930 761 2994 65
784 2941 814 2993 et
835 2931 888 3015 66)
915 2930 1136 3017 praefationem
1163 2928 1290 2993 Eusebii
1317 2930 1357 2993 ad
1379 2929 1568 3019 Carpianum
1597 2933 1716 3016 datam,
1749 2956 1828 3020 quae
1855 2957 1874 2997 a
1899 2925 2034 3020 Joscpbo'
2059 2935 2231 3016 Steeerrsoa,

237 3055 319 3096 anno
340 3028 580 3111 MDOCOLIV,
608 3041 679 3094 ante
696 3030 832 3115 glossam
853 3027 1007 3114 evangelii
1027 3028 1175 3093 Matthaei
1194 3026 1487 3112 Lindisfarneensis,
1515 3032 1614 3117 primo
1643 3032 1725 3097 edita
1752 3033 1845 3115 est‘)
1889 3033 1961 3112 Quo
1990 3035 2071 3099 facto
2092 3057 2231 3101 accessus

238 3131 278 3194 ad
298 3131 417 3216 glossas
439 3130 528 3194 huius
547 3129 660 3192 codicis
681 3129 817 3212 integras
833 3128 991 3208 omnibus,
1013 3128 1123 3213 quibus
1145 3127 1218 3190 talia
1241 3127 1326 3192 cordi
1346 3138 1434 3208 sunt,
1455 3151 1537 3192 nunc
1557 3141 1648 3217 patet.

367 3226 514 3294 Secundo
544 3228 630 3306 loco,
659 3228 691 3288 in
719 3248 760 3312 pp
789 3225 828 3287 17
857 3224 896 3289 ad
922 3226 979 3306 23,
1005 3226 1180 3290 versionem
1208 3226 1385 3290 saxonicam
1414 3228 1625 3312 quaestionum
1648 3229 1775 3293 Alcuini
1802 3231 1835 3293 in
1864 3232 2009 3316 genesin,
2036 3254 2093 3318 per
2123 3233 2232 3297 orbem

240 3325 440 3388 christianum
460 3324 555 3388 medii
573 3324 653 3388 aevii
671 3344 862 3409 magnopere
884 3322 1108 3386 celebratarum
1115 3370 1123 3402 ,
1146 3343 1237 3406 quarn
1258 3325 1428 3388 monachus
1450 3327 1573 3392 natione
1595 3328 1680 3394 Saxo
1703 3329 1899 3394 occidentalis
1921 3331 2003 3394 circa
2022 3331 2117 3395 finem
2137 3330 2233 3396 seculi

183 3495 190 3506 ,
240 3421 292 3486 lX
311 3422 421 3487 fecisse
449 3421 584 3500 videtur,
612 3420 848 3506 imprimendam
877 3419 999 3499 curavi,
1031 3419 1154 3503 qualem
1181 3421 1324 3484 ecodice
1355 3421 1551 3488 homiliarum
1580 3425 1781 3507 Cottoniano,
1808 3427 1914 3491 Julius
1942 3428 1975 3492 E
2006 3429 2078 3492 VII
2101 3429 2232 3515 signato,

240 3523 306 3608 ipae
328 3518 484 3604 descripsi.
523 3517 682 3603 Interprcs
704 3514 791 3582 Saxo
812 3538 851 3580 ex
872 3515 1000 3580 Alcuini
1019 3537 1127 3602 opere,
1147 3517 1230 3601 quod
1252 3517 1508 3606 interrogationes
1529 3546 1658 3588 numero
1678 3522 1914 3593 CCLXXVIII
1934 3527 2183 3611 comprehendit,
2203 3539 2234 3594 et

241 3617 406 3684 LXVIlII
426 3625 545 3680 tantum
564 3616 699 3679 maxime
725 3614 929 3695 necessarias,
952 3617 1010 3700 ,pt
1030 3614 1309 3698 nydbehdfestan,“
1336 3628 1370 3681 ut
1390 3619 1456 3705 ipse
1476 3622 1533 3701 ait,
1562 3621 1670 3706 elegit,
1692 3644 1750 3687 nec
1769 3623 1929 3710 exemplar
1949 3624 2078 3690 latinum
2092 3637 2234 3693 accurate

241 3716 407 3804 expressit,
431 3714 490 3789 sed
520 3713 614 3777 modo
643 3715 675 3776 in
703 3714 912 3799 angustiorem
937 3712 1069 3775 formam
1098 3715 1264 3794 contraxit,
1289 3716 1383 3780 modo
1404 3717 1618 3783 additamentis
1646 3719 1839 3806 longioribus
1860 3722 2047 3809 interpositis
2066 3725 2233 3812 ampliavit

241 3817 361 3901 Atque,
390 3821 424 3876 ut
450 3811 561 3875 clarius
583 3810 731 3892 eluceret,
759 3828 838 3895 quae
858 3810 936 3874 ratio
956 3810 1161 3875 intercederet
1180 3812 1262 3876 inter
1283 3814 1454 3879 versionem
1478 3817 1656 3880 saxonicam
1676 3829 1706 3882 et
1725 3820 1873 3905 scripturn
1892 3821 2112 3908 archetypum,
2140 3824 2233 3890 huius

241 3934 387 3979 numeros
409 3911 494 3975 uncis
515 3909 649 3975 inclusos
670 3910 799 3995 siugulis
821 3909 1050 3994 quaestionibus
1076 3911 1261 3996 anteposui
1286 3911 1336 3976 Ita
1362 3913 1454 3976 etiarn
1475 3914 1512 3995 ii,
1541 3916 1594 4001 qui
1614 3915 1734 3980 dialecti
1754 3918 2032 4003 Anglosaxonum,
2056 3944 2135 4007 quae
2161 3924 2234 3988 dici-

240 4026 306 4092 tur,
328 4012 429 4076 minus
450 4011 540 4096 periti
561 4019 648 4090 sunt,
669 4010 694 4071 si
716 4006 876 4095 exemplar
896 4008 1025 4071 latinum
1046 4007 1231 4090 evolverint,
1259 4011 1401 4075 omnibus
1422 4011 1498 4077 locis
1519 4014 1777 4100 interpretationis
1798 4017 1962 4082 saxonicae
1981 4034 2088 4084 veram
2110 4031 2233 4088 senten-

242 4114 314 4178 tiam
333 4111 528 4200 perspicient.

364 4208 486 4274 Eodem
507 4207 634 4273 consilio
654 4208 840 4294 glossarium
861 4206 974 4287 adieci,
1004 4227 1094 4270 voces
1123 4228 1187 4269 non
1213 4205 1314 4271 solum
1343 4208 1500 4294 explicans
1526 4230 1593 4289 eas,
1622 4232 1700 4295 quae
1721 4211 1753 4273 in
1775 4213 2067 4299 interrogationibus
2089 4215 2234 4305 Sigwulfi

245 4307 295 4370 vel
315 4307 443 4370 Alcuini
461 4306 621 4391 leguntur,
649 4307 775 4370 sedeas
797 4325 937 4392 quoqne,
965 4326 1045 4389 quae
1065 4303 1098 4366 in
1116 4303 1196 4367 libro
1218 4304 1273 4368 has
1294 4307 1436 4391 proxime
1457 4308 1642 4394 excipiente,
1669 4319 1815 4391 tractatu,
1843 4312 1929 4394 dico,
1958 4315 2018 4394 ,de
2045 4318 2233 4403 temporibus

244 4405 337 4469 anni“
364 4414 536 4466 occurrunt
577 4402 680 4481 Quem
711 4404 825 4469 librum
853 4426 1039 4490 quamquam
1066 4402 1218 4489 interpres
1245 4402 1331 4469 Saxo
1358 4405 1423 4490 ipse
1451 4405 1524 4469 dicit
1548 4428 1566 4470 e
1593 4407 1698 4473 Bedae
1728 4409 1922 4474 Venerabilis
1957 4412 2072 4498 scripto
2102 4414 2233 4481 eandem

245 4526 309 4568 rem
331 4510 482 4565 tracanto
503 4522 570 4565 esse
591 4501 779 4583 desumtum,
809 4503 969 4590 exemplar
988 4511 1092 4565 tamen
1113 4501 1242 4565 latinum
1263 4502 1343 4582 eius,
1371 4504 1454 4588 quod
1476 4504 1586 4585 sciam,
1611 4507 1858 4571 exstat'nullum.
1900 4508 2004 4574 Editio
2025 4512 2168 4599 princeps
2188 4523 2235 4578 cst

245 4624 296 4682 ea,
325 4621 417 4685 quam
443 4598 575 4664 Thomas
600 4598 734 4684 Waaplat,
761 4601 904 4666 ecodice
925 4599 1125 4682 Cottoniano,
1152 4600 1292 4665 Tiberias
1312 4600 1345 4665 B
1371 4603 1401 4665 V
1418 4604 1552 4689 signato,
1582 4605 1726 4691 impensis
1747 4607 1898 4671 societatis
1921 4609 2079 4672 cuiusdam
2100 4611 2233 4677 erudito·

245 4721 330 4779 rum,
352 4719 433 4761 anno
455 4694 688 4763 MDCCCXLI
709 4700 841 4779 curavit,
866 4698 970 4764 addita
994 4699 1134 4764 versione
1155 4700 1286 4785 anglica.
1328 4701 1399 4787 Ego
1421 4703 1516 4783 infra,
1538 4703 1569 4765 in
1587 4726 1634 4790 'pp
1656 4706 1696 4768 23
1717 4705 1757 4767 ad
1778 4706 1835 4785 31,
1856 4715 1974 4769 textum
1995 4705 2234 4794 imprimendum

245 4797 350 4862 curavi
371 4817 389 4860 e
409 4795 515 4860 codice
535 4796 739 4861 bibliothecae
759 4797 899 4883 publicae
921 4794 1198 4885 Cantabrigiensis,
1220 4798 1304 4862 cuius
1326 4799 1472 4865 lectiones
1494 4800 1533 4864 ab
1555 4802 1621 4888 ipso
1642 4824 1712 4865 cum
1731 4803 1864 4867 editione
1885 4804 2086 4889 Wrightiana
2106 4808 2235 4873 collatas

244 4895 448 4961 Beniaminas
472 4893 590 4979 Tborpe
609 4916 731 4959 mecum
752 4895 996 4960 communicavit.
1040 4894 1202 4961 Lectiones
1229 4907 1331 4961 autem
1359 4898 1391 4961 in
1416 4899 1483 4961 imis
1504 4901 1625 4986 paginis
1654 4901 1789 4966 adiectae
1818 4901 1930 4966 codicis
1958 4912 2029 4968 sunt
2057 4903 2234 4972 Cottoniani

249 4995 388 5059 Tiberias
410 4991 440 5055 B
466 4992 496 5054 V
513 4990 613 5056 denuo
634 4993 745 5057 collati.

281 5174 303 5237 ⁸)
330 5176 485 5239 Quamquam
509 5177 559 5224 ism
581 5190 646 5226 anno
671 5178 892 5229 MDOGGXXXIV
916 5180 976 5228 haec
997 5181 1118 5242 praefatio
1140 5183 1261 5242 impressa
1283 5181 1331 5229 fuit
1354 5188 1410 5229 ants
1434 5184 1606 5232 collectionem
1628 5187 1769 5236 versionum
1786 5187 1970 5246 evangeliorum
1986 5189 2172 5252 saxonicarum,
2193 5193 2233 5241 ln·

329 5261 512 5322 captam‘illam
530 5275 544 5309 a
563 5263 711 5311 Bmtumtno
733 5264 828 5325 Ttorpe
845 5270 870 5312 et
887 5265 1001 5313 rosam
1018 5266 1052 5315 Μ.
1070 5267 1179 5327 Kcmbls,
1198 5267 1243 5315 sed
1261 5279 1311 5313 non
1329 5267 1481 5323 absolutam.
1503 5282 1582 5330 nequa
1601 5283 1713 5332 unquam
1733 5269 1759 5317 in
1778 5271 1867 5332 vulgus
1885 5276 2009 5322 emissam.
