4748 6098
1065 344 1318 420 ..14-

257 548 287 595 ol
319 546 369 594 him
440 544 561 605 cytnlsso
630 542 761 604 getrymse
820 543 915 592 tudnos
951 540 1048 591 asama
1083 544 1117 592 ott
1135 543 1255 592 toendot
1289 544 1318 592 ot
1355 542 1406 590 him
1467 543 1514 589 nut
1572 543 1653 602 moysi
1704 540 1801 603 mt’t’ty
1818 547 1892 590 aurat
1924 539 2070 600 gausmaro

259 624 300 688 de
328 645 362 688 se
392 623 599 687 testimonium
619 621 785 708 perhibere
798 620 931 686 Iudaeos
951 620 1048 684 alium
1079 631 1257 707 recepturos
1285 620 1325 687 de
1364 640 1398 684 se
1435 628 1538 684 autem
1559 619 1669 685 Mosen
1716 620 1876 685 scribsisse
1923 628 2060 684 testatur.
2102 641 2178 684 mr.

253 757 507 820 mieeygsncolccdc
543 763 624 813 easuo
698 756 808 804 interna
876 757 904 806 ol
979 757 1010 805 nr
1120 757 1188 805 hlatu
1243 753 1259 814 Ἰ
1310 762 1386 803 tuam
1440 756 1532 804 fiscum
1616 752 1684 813 1111
1731 754 1848 805 ’tonando
1893 767 1985 804 monne
2068 752 2168 815 getylda

264 835 498 923 Propinquante
524 835 640 922 pascha
661 833 850 901 Iudaeorum
872 834 911 900 de
932 835 1069 920 quinque
1087 835 1219 921 panibus
1240 845 1271 899 et
1290 835 1412 899 duobus
1429 834 1563 922 piscibus
1586 834 1722 918 quinque
1742 833 1839 896 millia
1858 832 2020 898 hominum
2040 832 2192 898 seruauit

269 978 294 1037 le
331 988 397 1038 'tem
431 995 501 1036 toene
536 987 633 1049 mithy
668 992 694 1036 to
714 988 820 1049 orninga
854 987 912 1036 hlnc
947 985 1034 1036 uallet
1070 985 1118 1035 don
1134 986 1146 1034 t
1163 1000 1274 1048 govyrca
1308 987 1396 1047 getleh
1430 984 1446 1044 Ἰ
1483 984 1573 1046 geoade
1590 984 1602 1031 t
1621 984 1764 1046 geongende
1805 998 1838 1034 on
1856 986 1901 1034 nla
1947 981 1988 1036 oi
2005 1000 2038 1036 sa
2093 934 2181 1037 torch-

255 1088 394 1154 proquo
423 1067 513 1153 signo
552 1088 623 1129 cum
693 1087 801 1151 regem
843 1087 915 1129 eum
936 1064 1052 1129 uellent
1123 1065 1225 1128 iacere
1315 1063 1395 1150 fugit
1420 1072 1451 1128 et
1538 1062 1700 1126 ambulans
1801 1086 1895 1150 supra
1944 1086 2029 1129 mare
2069 1087 2189 1153 pauen-

252 1202 357 1252 tandum
412 1200 523 1263 ’bagnum
575 1199 659 1249 cuoe’o
697 1202 721 1249 te
755 1200 795 1248 hit
812 1216 851 1250 am
885 1201 972 1250 nalla’o
990 1202 1030 1262 gie
1065 1199 1173 1250 ondrcde
1318 1201 1355 1247 tro
1391 1199 1507 1249 'orcarum
1543 1199 1630 1260 gesoht
1648 1213 1704 1247 was
1738 1195 1754 1256 Ἰ
1792 1199 2085 1261 mth’tygomootcduaes
2112 1203 2189 1254 anab

265 1281 349 1346 tibus
391 1278 547 1365 discipulis
598 1279 641 1342 ait
682 1301 741 1365 ego
768 1301 837 1343 sum
908 1279 1004 1344 nolite
1065 1279 1183 1343 timere.
1212 1301 1297 1342 xmr.
1318 1277 1351 1341 A
1400 1277 1497 1340 turbis
1551 1277 1705 1361 quaesitus
1733 1288 1764 1342 et
1865 1279 2008 1344 inuentus
2121 1281 2168 1345 ait

298 1430 390 1477 wyrcas
474 1421 536 1464 matt
571 1414 633 1464 sebo
667 1428 699 1464 na
739 1417 806 1465 losas
840 1415 856 1475 Ἰ
915 1417 969 1464 hlei
1019 1416 1047 1463 ol
1078 1414 1197 1464 heotnum
1254 1413 1305 1463 soh
1357 1410 1439 1461 euoch
1474 1412 1580 1473 gesealla
1623 1415 1670 1462 hlll
1711 1415 1831 1476 middaiig
2009 1416 2063 1464 hlat
2128 1419 2191 1467 litos

213 1494 426 1582 boperamini
448 1494 551 1559 cibum
572 1494 625 1580 qui
646 1516 709 1559 non
730 1493 811 1581 perit
831 1503 862 1559 et
881 1515 994 1581 panem
1016 1493 1055 1558 de
1094 1492 1175 1558 caelis
1224 1512 1332 1557 uerum
1363 1490 1438 1554 dicit
1489 1489 1564 1556 dare
1595 1491 1690 1557 uitam
1710 1491 1836 1558 mundo.
1889 1515 1941 1558 xv.
1971 1493 2087 1559 Panem
2116 1495 2192 1561 uitae

255 1632 314 1681 hine
349 1631 417 1680 ene’o
451 1627 467 1688 Ἰ
506 1630 542 1679 ’δι
558 1630 686 1690 galerando
722 1644 755 1679 on
790 1631 842 1679 hlm
876 1626 1094 1705 ertwaceondop·
1107 1629 1207 1678 honore
1242 1643 1275 1677 on
1310 1626 1377 1676 ’tam
1391 1627 1532 1674 hlatrnreste
1567 1627 1621 1687 dag

265 1732 299 1776 se
341 1710 415 1775 dicit
441 1719 472 1776 et
511 1708 669 1775 eredentes
720 1709 752 1772 in
795 1730 829 1774 se
921 1707 1171 1772 resuscitaturum
1244 1707 1276 1770 in
1336 1703 1504 1770 nouissimo
1566 1703 1626 1769 die.

864 1878 930 1926 isto
948 1876 1056 1926 redannc
1133 1878 1184 1926 tore
1254 1875 1390 1926 deadumt
1410 1873 1552 1923 unlttiondu

851 1969 1067 2037 LEGENDA
1117 1969 1206 2037 PRO
1259 1965 1526 2036 DEFUNGTIS.

478 2090 888 2155 hwisprondottutsproacondot
1049 2092 1108 2139 htno
1151 2103 1216 2139 sunu
1251 2089 1357 2141 ouoba’o
1391 2088 1442 2138 acb
1495 2090 1526 2139 ho
1565 2089 1646 2138 bituth
1687 2092 1785 2151 mentre
1826 2090 1933 2140 lichoma
1992 2094 2031 2142 hia
2099 2095 2155 2144 hlat

378 2194 444 2237 xvr.
565 2168 795 2234 Murmurantes
906 2168 1023 2256 Ioseph
1043 2190 1114 2233 eum
1134 2168 1234 2232 filium
1255 2168 1362 2232 dicunt
1401 2177 1433 2231 at
1472 2168 1539 2255 ipse
1565 2169 1647 2232 inter
1687 2168 1785 2232 multa
1817 2189 1941 2234 carnem
1978 2177 2034 2234 sut
2071 2194 2189 2258 panem

259 2309 318 2358 hlno
336 2308 430 2356 scollus
471 2304 556 2354 onoe'o
582 2305 635 2352 toro
663 2304 784 2366 middang
818 2306 850 2354 ur
889 2302 906 2363 Ἰ
944 2304 981 2355 ’oa
998 2305 1078 2354 o’tero
1129 2306 1194 2367 gello
1255 2305 1354 2365 mentgo
1398 2305 1427 2352 ot
1461 2304 1528 2352 hluto
1559 2301 1574 2361 Ἰ
1603 2302 1710 2352 lichoma
1734 2303 1774 2352 hls
1808 2305 1936 2366 geschada
2088 2310 2179 2360 werdo

253 2385 444 2450 sedaturum
488 2383 530 2446 ait
581 2405 638 2469 pro
671 2383 779 2447 mundi
807 2384 870 2448 uita
890 2394 921 2449 et
963 2393 1064 2449 cetera
1108 2383 1219 2447 similia
1238 2382 1372 2471 plurima
1393 2383 1433 2448 de
1452 2404 1533 2468 pane
1553 2392 1584 2447 et
1610 2402 1705 2446 earne
1726 2405 1782 2446 sua
1802 2391 1939 2448 testatur.
1976 2407 2053 2450 xvrr.
2074 2387 2190 2454 Uerba

260 2541 300 2588 hta
340 2545 395 2601 gast
472 2535 541 2597 ἸΙίῐ
649 2528 760 2600 lmaga't
822 2536 839 2598 Ἰ
898 2553 961 2589 enno
1016 2542 1044 2588 ol
1093 2540 1214 2588 tnooltom
1309 2538 1398 2586 dinbnl
1471 2538 1582 2598 goooiges
1788 2486 1896 2603 indoqqn
1916 2545 1942 2588 to
1960 2541 2089 2590 coartanne
2125 2544 2190 2595 ltine

194 2623 234 2689 10
254 2640 309 2682 sua
331 2624 397 2702 spm
429 2616 584 2704 uitamque
612 2617 789 2705 pronuntiat
819 2627 850 2682 et
879 2640 975 2682 unum
1006 2639 1045 2682 ex
1074 2616 1237 2682 duodecim
1265 2616 1423 2681 diabulum
1453 2616 1597 2702 appellat.
1646 2641 1740 2681 xum.
1769 2615 1892 2682 Iudaeis
1920 2619 2091 2685 interlicere
2113 2643 2190 2688 eum

282 2754 433 2805 enecandum
523 2760 593 2815 astag
651 2754 756 2814 dalglice
793 2759 820 2801 to
863 2751 917 2813 dag
958 2752 1058 2814 halgum
1339 2749 1386 2799 har
1421 2752 1534 2810 ungelico
1567 2753 1603 2800 tro
1639 2752 1691 2800 hun
1728 2749 1745 2811 Ἰ
1782 2754 1811 2802 ot
1845 2753 1912 2802 {em
1950 2756 2188 2816 gecuoedeubibon

254 2833 471 2920 quaerentibus
491 2832 630 2898 aseendit
648 2831 768 2896 occulte
789 2831 830 2894 ad
850 2830 934 2896 diem
954 2830 1065 2894 festum
1088 2828 1310 2915 scaenopegiae
1331 2829 1383 2892 ubi
1412 2829 1533 2893 diuersa
1561 2829 1600 2894 de
1642 2851 1678 2895 eo
1719 2841 1749 2894 et
1775 2831 1815 2896 ab
1857 2853 1894 2897 eo
1989 2834 2135 2901 dicuntur

257 2968 274 3029 Ἰ
338 2968 460 3020 socccndo
512 2969 570 3019 hinc
604 2976 630 3017 to
648 2971 817 3031 gegrtoppann
855 2979 886 3016 nc
903 2965 1019 3015 maehtun
1056 2956 1080 3015 lc
1098 2965 1153 3015 ’oon
1188 2979 1219 3014 ne
1238 2964 1274 3014 ha
1292 2971 1333 3026 got
1390 2979 1461 3014 cnom
1539 2964 1578 3013 ud
1639 2967 1678 3014 hls
1869 2970 1996 3031 menigum
2032 2973 2062 3020 ot
2112 2973 2184 3024 &aar

253 3058 284 3113 et
303 3054 486 3132 quaerentes
506 3066 578 3109 eum
598 3044 833 3131 adprehendere
860 3055 1019 3131 nequeunt
1073 3045 1146 3131 quia
1187 3042 1326 3108 nondum
1364 3053 1493 3108 uenerat
1521 3043 1600 3108 hora
1629 3046 1703 3110 eius
1740 3069 1847 3111 xvnn.
1883 3047 1989 3113 Multis
2024 3050 2063 3117 de
2093 3053 2177 3118 turba

283 3181 415 3243 galerando
487 3178 585 3240 menige
640 3178 745 3241 spreco’t
780 3181 862 3229 bttuih
898 3179 966 3230 ’bem
1002 3181 1075 3231 cneo
1119 3181 1183 3231 sato
1217 3181 1318 3243 synar
1357 3195 1427 3244 cyme
1482 3187 1508 3230 to
1559 3195 1598 3230 me
1650 3179 1665 3241 Ἰ
1713 3182 1822 3245 dringah
1859 3184 1925 3234 hem
1944 3185 2026 3246 eosne
2067 3202 2102 3238 ao
2120 3188 2175 3240 sos

253 3258 447 3325 credentibus
468 3257 602 3344 plurima
623 3256 759 3341 loquitur
778 3257 859 3322 inter
890 3279 969 3342 quae
1020 3259 1064 3322 ait
1124 3260 1177 3344 qui
1235 3259 1297 3323 sitit
1337 3261 1441 3324 ueniat
1476 3260 1515 3325 ad
1558 3281 1609 3325 me
1646 3271 1677 3326 et
1726 3260 1811 3327 bibat
1851 3263 2023 3331 Nicodemo
2059 3288 2186 3353 quoque

273 3386 297 3445 le
333 3395 399 3445 bam
435 3396 463 3444 ot
518 3393 616 3442 hemlee
652 3393 799 3442 cuoo’tende
833 3393 990 3445 nlhstondan
1007 3394 1055 3445 bl't
1090 3397 1153 3446 hom
1188 3395 1255 3446 ham
1273 3395 1364 3445 aldum

251 3498 309 3563 pro
328 3476 396 3563 ipso
424 3475 463 3539 de
483 3471 639 3537 audientia
666 3472 779 3538 dicenti
867 3473 1018 3538 resistitur
1109 3498 1128 3538 a
1188 3476 1365 3562 pharisaeis.

803 3644 857 3694 slnt
873 3649 900 3693 to
920 3644 1027 3695 rodrnne
1087 3648 1113 3694 ln
1321 3647 1394 3695 tastu

806 3737 1025 3806 LEGENDA
1075 3738 1125 3803 IN
1180 3736 1557 3816 QUADRAGESIMA.

496 3858 581 3936 *jacit
644 3861 671 3906 tn
706 3859 844 3921 argaeipet
869 3848 1153 3924 bogrtppensilrcpeno
1214 3855 1230 3918 Ἰ
1290 3864 1316 3908 to
1348 3860 1400 3908 blm
1429 3858 1576 3920 togataedcd
1593 3871 1644 3906 uses
1672 3873 1704 3908 no
1733 3863 1797 3911 from
1826 3855 2181 3916 honendnmtldocrnondum

374 3961 427 4002 xx.
454 3937 619 4003 Mulierem
640 3936 673 3999 iu
700 3935 850 4002 adulterio
911 3938 1131 4023 reprehensam
1172 3945 1264 4022 atque
1282 3938 1323 4001 ad
1356 3961 1390 4003 se
1457 3936 1619 4001 adductam
1656 3958 1714 4003 nec
1743 3940 1784 4004 ab
1871 3942 2096 4009 accusatoribus

249 4091 401 4152 godoemodo
418 4091 430 4137 t
447 4089 572 4151 gmt’trad
623 4088 721 4137 hasselt
748 4089 840 4153 ,under
933 4089 1002 4151 wyrd
1080 4087 1150 4138 hona
1211 4091 1268 4152 lang
1318 4089 1371 4168 'pte
1385 4103 1417 4138 no
1458 4091 1568 4151 syngado
1630 4038 1741 4156 dntyndo
1944 4096 1998 4146 teht
2058 4094 2182 4157 middang

289 4167 526 4232 condemnatam
636 4167 702 4253 ipse
764 4168 821 4232 sub
864 4166 1047 4232 condicione
1079 4189 1140 4252 qua
1169 4170 1296 4235 ulterius
1334 4191 1398 4233 non
1428 4182 1569 4256 peccaret
1604 4172 1745 4237 absoluit
1798 4197 1865 4244 xxr.
1898 4173 2015 4240 Lucem
2057 4175 2168 4240 mundi

251 4302 326 4380 ¹pho
342 4316 401 4352 uere
441 4301 524 4353 cuoe't
756 4305 785 4354 ol
831 4304 908 4356 sobre
992 4305 1099 4366 cyanus
1183 4305 1301 4367 gefcandc
1351 4304 1479 4354 lorenoe‘o
1544 4307 1602 4356 dom
1683 4308 1722 4357 hls
1799 4309 1849 4360 seh
1898 4324 1970 4360 noers
2012 4311 2162 4374 gotesmade

310 4404 344 4448 se
427 4381 533 4446 dicens
554 4381 731 4469 pharisaeos
752 4383 791 4448 de
810 4383 936 4471 proprio
957 4384 1130 4448 testimonio
1151 4384 1334 4450 resultantes
1362 4384 1464 4468 arguit
1489 4383 1635 4450 iudicium
1655 4408 1744 4450 suum
1765 4410 1873 4452 uerum
1896 4411 1963 4455 esse
1983 4390 2180 4456 confirmans.

357 4518 441 4568 euoo‘b
477 4525 503 4566 to
521 4517 625 4567 indoum
661 4516 677 4577 Ἰ
713 4520 752 4580 gie
792 4521 819 4568 in
863 4534 940 4581 synna
1010 4521 1064 4568 iure
1115 4521 1155 4582 gie
1173 4520 1254 4569 bibon
1274 4517 1351 4566 deado
1387 4521 1416 4568 ot
1460 4519 1527 4569 ham
1571 4534 1621 4569 uas
1638 4523 1770 4584 gelrognon
1797 4523 1876 4573 hnalc
1902 4538 1980 4574 woerc
2045 4527 2125 4575 huma

248 4620 330 4663 xxn.
351 4596 438 4662 Dicit
483 4594 608 4660 Iudaeis
657 4606 687 4662 et
707 4619 764 4661 uos
784 4597 816 4660 in
836 4606 962 4684 peccato
985 4607 1087 4662 uestro
1148 4595 1322 4661 moriemini
1389 4597 1545 4681 aquibus
1567 4599 1772 4688 interrogatus
1794 4602 1861 4686 quis
1895 4613 1973 4670 esset
1993 4603 2180 4692 principium

248 4734 322 4811 phe
358 4748 416 4784 uere
452 4732 625 4795 goondueardo
661 4731 764 4794 tartede
797 4733 893 4795 ml’o'ty
928 4734 967 4796 gia
980 4749 1032 4798 npp
1045 4749 1094 4799 app
1107 4734 1190 4784 rhetos
1225 4746 1291 4780 sunu
1342 4747 1447 4782 mannes
1482 4734 1568 4784 sonno
1601 4739 1641 4799 gie
1660 4743 1787 4799 ongeattas
1817 4727 1882 4788 ibon
1920 4740 1945 4789 ic
2000 4754 2041 4789 am

186 4817 228 4880 20
276 4836 309 4879 se
350 4834 417 4878 esse
458 4809 617 4900 respondit
654 4810 771 4877 addens
812 4835 882 4877 cum
955 4812 1170 4879 exaltaueretis
1211 4811 1308 4875 filium
1329 4811 1463 4877 hominis
1483 4823 1557 4879 tunc
1594 4817 1786 4903 cognoscetis
1806 4819 1878 4902 quia
1898 4841 1958 4906 ego
1974 4842 2052 4884 sum.
2080 4841 2177 4883 xxm.

259 4970 364 5020 iudenm
424 4969 569 5030 geletennm‘
599 4967 673 5016 anah
715 4968 754 5029 gil
788 4967 827 5029 gio
845 4968 944 5029 geleich
962 4970 974 5017 l
991 4915 1067 5018 wlirs’b
1102 4970 1129 5017 ln
1201 4968 1269 5016 word
1329 4971 1427 5018 minum
1461 4969 1633 5021 sobtaestnisse
1675 4971 1774 5031 getriah
1833 4975 1887 5022 luth
1945 4974 2012 5024 ham
2059 4975 2178 5025 ondanae-

247 5048 372 5113 ludaeis
393 5047 588 5111 credentibus
618 5045 661 5108 ait
722 5047 749 5109 si
847 5046 1019 5112 manseritis
1098 5047 1131 5110 in
1161 5066 1303 5113 sermone
1343 5069 1413 5113 meo
1495 5051 1607 5116 ueritas
1657 5051 1799 5117 liberabit
1829 5075 1886 5118 uos
1914 5053 2025 5139 quihus
2051 5075 2178 5141 respon·

229 5272 251 5316 1.
269 5267 359 5314 odeme
378 5263 430 5315 Ma.
465 5267 489 5314 2.
506 5211 640 5325 geuoolsile
659 5266 712 5318 ΜΒ.
746 5266 1016 5317 satanacam.
