4748 6098
1065 341 1290 418 ,8.-

265 609 383 672 ceigendo
428 607 511 658 cuoe’e
548 607 619 657 esee
653 607 750 656 raderes
803 609 898 658 doende
1002 610 1070 657 willo
1290 555 1323 671 bu
1368 610 1422 670 reip
1484 608 1601 670 stupende
1652 609 1737 656 awuht
1754 621 1809 655 vas
1856 608 1891 653 tre
1996 606 2126 655 tronnndu

245 688 399 754 uocandoa
448 686 490 750 ait
552 686 603 771 qui
653 687 749 772 patris
784 686 913 752 fecerint
953 687 1119 751 uoluntate.
1190 710 1262 749 xxx.
1290 687 1330 750 In
1366 687 1437 750 naui
1466 686 1622 751 dormiens
1657 686 1808 750 excitatur
1861 708 1880 746 a
1927 683 2172 771 periclitantibus

250 823 265 885 1
346 825 478 873 unweeder
552 836 606 871 saes
653 822 711 871 mi'e
729 823 797 872 word
836 822 960 883 gestierde
1169 836 1261 872 monne
1314 826 1351 872 tre
1428 824 1517 873 diovrla
1619 825 1676 872 here
1745 824 1846 883 agemde
1893 819 1964 870 ests
2004 822 2031 867 in
2076 820 2155 881 berge

245 914 275 970 et
320 906 498 989 tempestate
536 902 629 965 maris
671 901 768 966 uerbo
816 900 989 987 compescit.
1017 922 1104 963 xxm.
1125 899 1294 965 Hominem
1322 924 1341 964 a
1372 901 1557 967 daemonum
1586 902 1710 988 legione
1738 900 1858 965 curauit
1889 920 1965 984 quos
1999 896 2030 960 in
2059 920 2173 984 porcos

242 1052 367 1101 gsgeonga
427 1036 522 1098 geletde
783 1037 867 1084 toerde
923 1042 948 1085 to
991 1037 1078 1085 dohter
1129 1040 1192 1088 iares
1247 1053 1308 1088 ware
1327 1040 1421 1089 avoeht
1504 1036 1592 1113 “parit
1659 1040 1687 1086 ot
1728 1038 1830 1096 iorning
1919 1036 2006 1083 blodes
2086 1036 2173 1085 hatab

283 1118 329 1181 ire
390 1114 548 1180 concessit.
612 1138 714 1178 xxxn.
745 1113 886 1202 Pergens
917 1114 958 1178 ad
987 1115 1082 1179 filiam
1121 1116 1196 1181 Iairi
1226 1117 1432 1182 suscitandam
1464 1115 1624 1181 mulierem
1661 1140 1680 1180 a
1712 1115 1843 1203 profluio
1879 1115 2038 1201 sanguinis
2072 1114 2174 1178 saluat

265 1252 402 1303 aueccende
444 1251 512 1301 'eam
529 1251 640 1313 magdne
673 1250 758 1313 gesald
777 1264 838 1300 were
872 1251 967 1300 bebead
1078 1260 1174 1315 geeatta
1428 1253 1486 1302 mie
1504 1254 1640 1314 gebrocbtu
1701 1248 1793 1301 mahte
1862 1249 1960 1298 rendae
2046 1252 2140 1300 tuoslto

243 1331 420 1398 resuscitate
482 1329 604 1418 puellae
724 1329 791 1393 dari
853 1329 1001 1417 praecipit
1034 1332 1230 1397 manducare.
1302 1357 1416 1397 xxxru.
1467 1331 1606 1398 Oculatis
1665 1331 1828 1396 uirtutibus
1870 1329 1962 1392 mittit
2007 1329 2173 1395 duodecim

248 1467 300 1544 *pte
317 1467 432 1516 hodande
450 1481 512 1516 were
555 1467 701 1516 balneendu
776 1466 871 1515 badum
955 1468 1068 1518 insetsno
1302 1484 1417 1519 memunc
1457 1471 1495 1518 his
1569 1470 1626 1518 here
1689 1467 1794 1529 gebarde
1834 1467 1955 1528 maedis
1994 1463 2011 1524 1
2075 1468 2137 1529 spot

204 1550 224 1612 5
268 1544 499 1633 praedicaturus
542 1544 711 1631 praeceptis
731 1544 915 1609 salutaribus
936 1546 1097 1613 institutos.
1141 1572 1268 1613 xxxnrr.
1291 1549 1419 1613 Famam
1441 1549 1506 1613 eius
1526 1546 1662 1613 Herodis
1682 1546 1805 1610 audisse
1827 1545 1959 1610 refertur
1985 1554 2015 1610 et
2040 1547 2174 1632 apostoli

242 1684 384 1746 gecuocden
401 1686 453 1732 sint
486 1682 558 1732 ’ea'de
603 1682 689 1744 dydon
734 1683 854 1731 ettbrohte
871 1685 882 1731 t
899 1686 998 1746 sagdon
1232 1688 1264 1736 nr
1370 1685 1438 1733 etun
1492 1680 1507 1742 1
1563 1688 1638 1730 tuam
1724 1684 1788 1731 tlseu
1906 1683 1939 1730 nt
2044 1695 2135 1731 monne

273 1763 417 1826 dicuntur
479 1783 558 1846 quae
578 1760 716 1826 fecerant
784 1761 948 1828 rettulisse.
1052 1788 1146 1828 mxxv.
1167 1765 1315 1850 Quinque
1336 1762 1465 1851 panibus
1486 1773 1517 1827 et
1538 1761 1658 1826 duobus
1686 1760 1819 1847 piscibus
1848 1760 1984 1846 quinque
2011 1761 2173 1825 hominum

242 1899 359 1950 ’busende
393 1899 491 1960 gerytde
707 1900 877 1960 gatragnende
925 1898 961 1949 ’da
979 1899 1075 1962 'bagnae
1111 1901 1179 1951 'eone
1192 1902 1203 1948 t
1217 1902 1336 1949 huoelcne
1375 1900 1432 1949 hine
1505 1900 1615 1948 cuoeden
1707 1911 1781 1946 menn
1873 1897 1931 1959 pet?

259 1977 343 2041 milia
384 1986 508 2041 saturat.
552 2001 660 2040 xxxvi.
682 1977 893 2064 Interroganti
922 1978 1089 2066 discipulos
1180 2001 1272 2064 quem
1368 2001 1438 2043 eum
1495 1980 1633 2044 dicerent
1671 1977 1813 2040 homines
1843 1976 1954 2041 Petrus
1992 1976 2055 2065 [fol.
2080 1977 2170 2066 lem]

241 2113 414 2176 geonduearde
449 2114 523 2162 criste
557 2114 634 2193 godes
669 2113 719 2162 sod
759 2114 789 2162 he
876 2103 981 2175 fesagde
1051 2117 1108 2164 hine
1151 2116 1282 2166 'erouonde
1521 2114 1599 2164 lare’d
1633 2111 1685 2189 “pte
1719 2112 1778 2160 hine
1814 2112 2015 2161 aletsuabuele
2051 2116 2168 2176 tylgende

241 2193 400 2280 respondit
453 2191 517 2277 xpi
581 2190 614 2253 di
677 2201 709 2254 at
739 2191 804 2278 ipse
825 2194 1020 2279 praenuntiat
1060 2216 1094 2260 se
1136 2218 1306 2282 passurum.
1359 2192 1605 2258 xxxv11.Docet
1646 2201 1679 2256 ut
1715 2213 1786 2256 eum
1860 2190 1986 2276 quisque
2066 2214 2151 2256 secu-

242 2326 397 2379 blne'rrocre
451 2341 545 2377 ensaeca
599 2329 656 2376 hine
709 2330 803 2377 seolfne
837 2327 853 2388 Ἰ
924 2345 994 2379 sume
1080 2345 1111 2380 ne
1146 2346 1234 2393 gesego
1253 2333 1294 2380 hia
1328 2331 1411 2380 cuced
1464 2331 1532 2381 dea'e
1592 2325 1689 2402 widp
1732 2341 1817 2389 gesem
1903 2331 1937 2377 rte
2002 2327 2076 2409 godes
2100 2342 2163 2376 sona

262 2417 350 2471 turus
433 2406 567 2492 abneget
587 2416 684 2471 semet
703 2407 804 2494 ipsum
832 2418 862 2474 et
888 2409 1037 2495 quosdam
1060 2432 1122 2473 non
1161 2410 1281 2474 uisuros
1344 2409 1386 2472 ait
1440 2414 1541 2473 morte
1586 2408 1685 2473 donec
1704 2407 1830 2472 uideant
1850 2428 1982 2493 regnum
2019 2405 2058 2471 di
2088 2429 2162 2471 mox

246 2583 272 2628 in
289 2580 311 2628 is
329 2579 411 2639 asagd
459 2566 578 2626 oihiuade
598 2593 653 2627 πα
702 2593 734 2628 on
809 2596 862 2630 mor
1184 2596 1254 2630 sume
1350 2528 1412 2646 suni
1453 2585 1480 2630 ot
1547 2581 1615 2629 dtule
1697 2579 1804 2629 'erectae
1821 2580 1833 2627 t
1851 2579 1947 2641 mib’ey
1964 2591 2019 2627 vu
2036 2577 2168 2639 geereatad

184 2660 223 2722 10
264 2657 396 2722 infertur
438 2657 673 2742 transfiguratus
701 2660 733 2720 in
768 2670 912 2724 montem.
967 2685 1101 2724 xxxam.
1132 2659 1301 2726 Cuiusdam
1327 2658 1425 2724 tilium
1454 2683 1472 2722 a
1500 2659 1663 2724 daemonio
1850 2659 2008 2745 increpata
2065 2676 2068 2681 ⁴

289 2806 416 2842 cneoreses
479 2795 515 2841 tre
533 2795 730 2855 ungeleatulnisc
763 2796 900 2869 gegemds
1136 2788 1176 2845 eti
1191 2810 1253 2846 sona
1283 2796 1367 2846 cuoe‘e
1403 2796 1460 2843 hine
1515 2794 1648 2844 {nouanda
1685 2809 1747 2844 vere
1760 2794 1869 2844 towaard
1911 2791 1926 2853 1
1972 2797 1999 2842 ot
2045 2793 2173 2843 aldordom

242 2871 450 2960 generationis
501 2871 713 2938 incredulitate
762 2874 889 2938 curauit.
953 2899 1101 2940 xxxvrru.
1135 2876 1253 2940 Iterum
1288 2873 1361 2937 dicit
1418 2895 1452 2938 se
1501 2895 1663 2959 passurum
1740 2875 1808 2938 fore
1907 2883 1939 2937 et
1968 2872 2007 2937 de
2040 2870 2173 2960 primate

280 3023 414 3070 smeaunga
494 3010 564 3057 hiera
599 3015 704 3072 gesettet
720 3025 775 3060 wes
816 3014 843 3060 iu
883 3011 972 3062 middu
1020 3013 1100 3062 cnaht
1159 3002 1236 3060 ibead
1310 3010 1459 3060 e'emodnise
1520 3009 1598 3059 tsre’e
1644 3007 1659 3067 Ἰ
1712 3023 1743 3057 ne
1777 3014 1805 3057 to
1823 2997 1948 3057 ibeadane
1998 3008 2087 3057 mahte
2142 3022 2175 3057 en

246 3088 447 3176 cogitationes
479 3108 587 3151 eorum
642 3098 754 3152 statuto
821 3090 852 3153 in
879 3090 981 3156 medio
1012 3113 1110 3177 puero
1139 3101 1247 3155 uetans
1281 3088 1484 3153 humilitatem
1513 3088 1603 3153 docet
1636 3098 1667 3152 et
1694 3110 1757 3150 non
1785 3087 1945 3174 prohiberi
1984 3087 2110 3152 uirtutes
2142 3088 2176 3151 in

268 3226 306 3274 tls
395 3237 470 3272 noma
561 3223 657 3274 doende
897 3228 936 3287 tyr
1027 3230 1054 3276 ot
1104 3229 1191 3277 heotne
1258 3217 1285 3276 ei
1339 3226 1438 3276 telendo
1459 3227 1641 3276 thnt’ertando
1685 3224 1775 3286 gsbtda
1836 3223 1962 3272 wttnando
2042 3221 2139 3282 {agnas

243 3305 337 3392 ipsius
369 3303 494 3367 nemine
524 3302 696 3367 facientem.
780 3328 829 3367 xri.
864 3304 976 3392 Ignem
1021 3305 1061 3370 de
1106 3307 1181 3371 caelo
1227 3328 1320 3393 super
1401 3316 1606 3372 contemtores
1682 3314 1787 3393 petere
1828 3303 1968 3368 uolentes
2010 3300 2175 3388 discipulos

264 3440 375 3491 bream'd
415 3438 430 3498 Ἰ
470 3439 536 3489 ’eam
554 3439 701 3490 euastanda
736 3442 760 3489 ie
776 3441 842 3502 fylgo
878 3441 927 3491 eae
971 3444 1041 3492 tonas
1106 3444 1164 3492 bole
1224 3445 1325 3494 hebbae
1360 3445 1502 3508 getrymade
1544 3458 1601 3492 esne
1660 3441 1776 3504 tylgenda
1810 3430 1890 3502 irena
1906 3441 1918 3488 t
1935 3428 1999 3488 fleta
2041 3437 2077 3487 'ea
2091 3437 2172 3488 deado

245 3522 385 3607 increpat
412 3528 442 3584 et
532 3517 645 3584 dicenti
735 3540 848 3605 sequar
888 3530 919 3585 te
954 3521 1062 3608 uulpes
1082 3523 1188 3588 foueas
1216 3524 1332 3588 habere
1362 3533 1491 3588 testatur
1511 3523 1629 3588 iuuenis
1650 3520 1791 3606 sequenti
1832 3519 1986 3584 dimittere
2037 3527 2176 3583 mortuos

253 3655 269 3716 Ἰ
325 3656 393 3706 ’done
410 3654 537 3718 haldondt
588 3655 645 3706 sulh
734 3670 766 3705 ne
846 3657 944 3706 aaronis
1000 3670 1032 3708 on
1050 3660 1101 3708 bae
1288 3660 1460 3719 otgemarcade
1505 3673 1539 3707 ae
1583 3658 1637 3707 edi
1666 3663 1740 3706 tuam
1756 3654 1773 3715 1
1792 3657 1970 3716 unseofontlgd
1988 3655 2073 3705 mauu
2106 3653 2175 3704 alise

187 3736 227 3801 15
249 3745 278 3801 et
352 3740 508 3797 tenentem
564 3740 667 3796 aratru
723 3757 786 3799 non
820 3736 973 3822 respicere
1009 3747 1101 3801 retro.
1168 3759 1232 3798 xer.
1278 3735 1457 3820 Designatis
1500 3747 1531 3801 et
1574 3736 1641 3798 aliis
1731 3734 1842 3800 ·LXX·
1865 3734 1985 3799 duobus
2108 3734 2162 3799 dat

296 3871 364 3920 bodo
453 3869 519 3918 'tam
584 3871 675 3929 gertses
761 3870 855 3933 hedago
919 3887 981 3921 sona
1016 3871 1263 3932 ’daungeleattulltco
1298 3870 1437 3930 geereaess
1471 3871 1634 3922 t'eaceaatro
1669 3869 1771 3930 mam]
1785 3872 1962 3933 unseotuutigd
1996 3870 2177 3921 ettcerrendum

247 3958 410 4037 praecepta
431 3948 542 4035 quibus
564 3947 695 4012 debeant
714 3949 901 4034 praedicare.
922 3973 995 4015 mox
1051 3949 1225 4015 incredulas
1299 3950 1437 4036 increpat
1479 3950 1615 4015 ciuitates
1650 3949 1793 4015 :LXX-
1814 3950 1934 4015 duobus
2016 3951 2150 4015 reuersis

286 4083 303 4144 Ἰ
370 4085 435 4136 ’eam
453 4085 575 4149 gafeandd
628 4085 723 4133 bebead
791 4099 823 4134 ne
875 4088 902 4135 ot
949 4085 1109 4136 moerentes
1200 4088 1291 4136 diowta
1363 4087 1394 4133 ah
1436 4089 1463 4135 ot
1512 4088 1582 4135 htora
1640 4091 1667 4136 in
1702 4089 1791 4137 beorna
1859 4100 1935 4137 noma
1994 4086 2178 4135 mi’eawrtttne

247 4176 338 4249 atque
367 4163 572 4249 gaudentibus
593 4162 742 4251 praecipit
770 4184 834 4228 non
864 4163 903 4230 de
931 4165 1120 4231 subiectione
1142 4166 1328 4231 daemonum
1349 4164 1405 4229 sed
1427 4165 1466 4230 de
1486 4187 1613 4229 suorum
1635 4165 1667 4229 in
1698 4166 1784 4232 caelo
1813 4165 1974 4231 nominum
1994 4165 2160 4231 scribtione

287 4300 357 4359 getes
581 4299 713 4348 endetnise
756 4299 866 4352 hemtses
907 4304 934 4351 tn
978 4305 1048 4364 gersa
1094 4304 1184 4364 asaegd
1201 4306 1223 4352 is
1257 4309 1282 4351 to
1343 4303 1411 4352 tader
1485 4294 1534 4353 ati
1549 4303 1604 4353 don
1663 4303 1761 4363 neget
1778 4315 1813 4353 ae
1857 4302 1894 4352 'da
1912 4292 2023 4352 semente
2057 4299 2177 4350 subracta

247 4377 395 4466 gaudere.
455 4399 532 4439 κω.
565 4376 727 4444 Confessio
766 4379 865 4444 laudis
908 4381 939 4444 in
961 4381 1075 4469 gaudio
1096 4382 1230 4446 refertur
1250 4380 1290 4443 ad
1309 4390 1430 4468 patrem
1465 4391 1628 4468 postquam
1692 4381 1786 4447 infert
1888 4380 2007 4469 priores
2067 4378 2162 4442 iustos

254 4531 326 4582 esea
367 4532 460 4592 gessae
496 4529 532 4580 ’da
549 4530 644 4592 ’degam
700 4546 731 4582 ne
775 4547 863 4594 gerere
882 4533 925 4582 hia
1119 4548 1161 4584 aas
1215 4533 1281 4582 'eam
1300 4536 1357 4584 wisa
1397 4537 1424 4583 ot
1465 4535 1496 4583 lit
1569 4548 1624 4584 ecee
1700 4535 1821 4584 noscenda
1867 4531 1883 4592 Ἰ
1920 4533 1970 4580 dua
2023 4533 2062 4581 his
2115 4543 2178 4580 were

249 4633 329 4699 quae
363 4611 469 4676 uident
504 4609 644 4696 discipuli
684 4633 747 4675 non
788 4610 911 4676 uidisse.
974 4636 1065 4677 xnnr.
1095 4612 1189 4699 Legis
1240 4613 1338 4698 perito
1387 4612 1509 4678 deuita
1529 4621 1653 4678 aeterna
1673 4622 1840 4699 quaerente
1861 4610 1980 4697 etquis
2008 4611 2073 4676 eius
2098 4619 2180 4674 esset

261 4749 296 4799 'ee
313 4755 398 4799 neesta
455 4745 598 4806 traissnende
647 4746 758 4796 inladett
827 4748 944 4810 geddung
995 4747 1048 4797 das
1065 4749 1168 4798 wonder
1205 4747 1269 4797 'eam
1320 4749 1423 4810 gebroht
1472 4751 1510 4799 tre
1556 4751 1707 4799 umauunu
1789 4747 1971 4797 mtlthsortnise
2057 4745 2153 4793 bebead

187 4828 408 4914 adproximet
438 4824 610 4890 sciscitante
648 4823 765 4890 inducit
794 4826 973 4911 parabolam
1007 4827 1158 4892 uulnerati
1207 4828 1255 4890 cui
1291 4827 1445 4893 conlatam
1477 4852 1497 4894 a
1533 4826 1727 4896 Samaritano
1757 4825 1999 4891 misericordiam
2028 4822 2180 4909 praecipit

279 4980 413 5040 geblsened
845 4977 899 5027 ’dm
917 4979 1119 5028 embehtmonnea
1269 4982 1297 5028 or
1340 4972 1427 5030 suoesi
1484 4994 1515 5032 ne
1572 4981 1615 5029 hta
1671 4977 1793 5040 helpende
1860 4988 1964 5040 gerersn
2008 4973 2070 5022 aar
2083 4972 2178 5024 'dailco

249 5057 437 5123 imitandam.
489 5081 594 5122 xnrnr.
617 5055 815 5136 Quaerellam
880 5057 1078 5122 ministrantis
1133 5056 1233 5123 Marte
1261 5058 1301 5124 de
1326 5080 1434 5125 sorore
1463 5082 1528 5126 non
1553 5081 1622 5125 eam
1647 5056 1813 5123 adiuuante
1833 5056 1978 5144 optimam
2047 5074 2116 5118 eam

249 5234 269 5276 3.
287 5234 608 5348 tprozutefi—lhoe'ledtls
634 5237 851 5281 emerserimus.
876 5238 923 5280 Μ.
939 5237 1118 5291 praedicaturos.
1132 5236 1241 5280 Heredes.
1269 5239 1300 5280 rt.
1315 5238 1330 5280 l.
1344 5237 1449 5291 priuata
1476 5238 1509 5280 tt.
1523 5237 1538 5280 l.
1551 5236 1635 5281 teuent
1661 5237 1691 5279 te.
1706 5233 1888 5292 ungeteatnttoeo
1900 5232 1948 5278 18·
1968 5231 2001 5275 w.
2014 5232 2178 5277 mtttbsortnis·

287 5300 337 5344 nias
391 5331 398 5344 .
450 5332 456 5345 .
478 5332 484 5346 .
519 5306 607 5347 artae.
2037 5337 2040 5343 ·
