4748 6098
1065 314 1317 389 ...32-

250 522 324 570 heora
447 516 463 576 Ἰ
518 530 573 565 was
608 515 728 565 lohannes
763 515 921 578 gegsrslsdl
942 515 1059 575 gsvsdsd
1092 514 1150 564 mt'o
1168 515 1252 562 harum
1294 513 1399 562 camelos
1445 509 1461 571 Ἰ
1498 512 1598 574 gyrdsls
1641 511 1749 561 tellanas
1802 511 1860 573 ymb
1921 510 2031 560 lendenu
2079 512 2118 560 lits
2170 510 2186 570 Ἰ

253 623 317 664 sua.
378 599 407 660 6.
436 597 477 660 Et
507 605 574 661 erat
603 594 739 658 Ioannes
864 595 990 660 uestitus
1146 592 1216 679 pilis
1293 591 1404 655 cameli
1437 601 1468 656 et
1507 613 1587 656 aona
1627 590 1757 677 pellicea
1791 591 1874 654 circa
1910 589 2032 656 lumbos
2065 590 2129 654 eius
2159 603 2191 656 et

252 734 561 797 waldstapantloppsstra
593 728 610 789 Ἰ
639 730 715 779 wudu
732 723 1279 803 bunigespwaxsponwudsbsndumlp
1306 727 1494 776 bmeandawres
1605 724 1621 784 Ἰ
1711 725 1810 774 bodsde
1867 726 2001 799 crepando
2032 726 2189 799 cymspdom

333 812 466 877 locustas
582 808 699 874 etmel
947 807 1089 872 siluestre
1329 805 1448 871 edebat.
1543 806 1571 868 7.
1592 805 1634 870 Et
1655 804 1853 892 praedicabat
1885 805 1990 870 dicens
2064 805 2148 869 uenit

254 956 363 1009 strongrs
398 961 452 995 mec
489 937 536 994 eti
574 959 614 993 me
650 944 704 993 ’aas
722 944 734 991 1
752 943 790 992 his
825 957 884 991 nom
935 944 959 992 io
1035 941 1122 1004 wyr’te
1166 945 1217 992 lora
1233 943 1353 990 hlntends
1386 941 1473 991 undon
1490 941 1502 988 1
1520 941 1604 989 loesan
1657 943 1774 1013 pvongas
1919 954 2019 1000 gascoas
2133 941 2172 989 bls

251 1027 360 1091 tortior
400 1046 451 1088 me
478 1036 548 1111 post
572 1045 621 1087 mo
685 1021 771 1087 cuins
824 1045 885 1087 non
918 1045 987 1087 snm
1020 1021 1132 1108 dignus
1153 1023 1360 1108 procumbens
1439 1020 1560 1084 soluere
1622 1018 1788 1105 corrigiam
1815 1018 2092 1084 calceamentorum
2114 1021 2188 1084 eius.

359 1162 383 1208 lc
463 1158 573 1208 lulwade
617 1159 693 1207 aonio
727 1161 754 1207 in
773 1164 852 1206 watra
893 1160 923 1206 be
957 1158 1101 1208 wiotudlico
1151 1157 1278 1218 getulwab
1320 1160 1396 1206 sowic
1430 1156 1488 1206 mi'o
1505 1163 1573 1217 gasto
1619 1156 1693 1218 halgtl
1862 1151 1879 1213 Ἰ
1927 1157 2041 1205 awordsn
2071 1171 2126 1206 was
2161 1158 2189 1204 in

253 1241 283 1304 8.
326 1239 398 1324 Ego
443 1238 595 1324 baptizaui
628 1259 684 1301 nos
746 1259 827 1322 aqua
878 1237 931 1300 ille
988 1259 1064 1301 uero
1129 1237 1295 1323 baptizabit
1329 1259 1386 1300 uos
1441 1236 1550 1322 spiritu
1598 1246 1713 1299 sancto.
1788 1234 1816 1298 9.
1847 1234 1890 1298 Et
1920 1235 2036 1299 factum
2078 1248 2123 1299 est
2156 1236 2188 1298 in

264 1376 355 1437 degum
390 1374 458 1424 ’tam
493 1387 570 1422 onom
605 1387 631 1420 se
650 1372 746 1421 halsnd
780 1375 816 1420 fro
850 1372 960 1421 nuare’o
979 1375 1043 1445 pare
1062 1375 1134 1435 byrig
1168 1382 1194 1422 to
1213 1374 1303 1434 galilea
1343 1370 1359 1431 Ἰ
1413 1372 1536 1433 getulwad
1579 1384 1633 1421 nes
1659 1372 1685 1418 tn
1714 1371 1834 1421 iordsnan
1867 1375 1904 1420 tro
1939 1373 2046 1420 iohanne
2157 1369 2173 1429 Ἰ

210 1457 361 1521 bdiebus
388 1454 449 1517 illis
487 1454 571 1519 uenit
629 1453 716 1517 lesus
790 1476 808 1514 a
910 1451 1069 1515 Nazareth
1153 1451 1314 1518 Galilaeae
1335 1464 1366 1516 et
1385 1451 1557 1537 baptizatus
1578 1462 1624 1514 est
1650 1451 1683 1513 in
1703 1449 1840 1514 Iordane
1874 1450 2046 1515 aloanne.
2078 1453 2127 1515 10.
2148 1451 2191 1516 Et

252 1594 358 1654 onstyde
453 1599 521 1651 sstag
603 1593 631 1638 ot
671 1595 750 1638 westre
789 1588 863 1649 gasali
904 1589 1014 1648 ontynds
1059 1589 1179 1638 heotunas
1219 1586 1235 1647 Ἰ
1272 1598 1352 1651 gestes
1370 1590 1442 1649 balga
1511 1588 1593 1636 swilce
1717 1588 1793 1634 cultra
1885 1589 1913 1635 ot
1927 1588 1993 1635 duno
2012 1586 2127 1647 stigando
2171 1585 2188 1645 Ἰ

253 1675 354 1736 statim
397 1670 565 1735 ascendens
594 1668 632 1732 de
671 1691 752 1753 aqna
788 1666 865 1730 uidit
898 1677 1020 1752 apertos
1071 1667 1174 1732 coelos
1217 1678 1248 1731 et
1287 1668 1429 1753 spiritum
1471 1677 1626 1751 tanquam
1666 1665 1842 1730 columbam
1886 1666 2123 1730 descendentem
2159 1680 2191 1732 et

276 1806 407 1856 wunlende
459 1809 486 1853 in
521 1804 705 1853 hlmlin'oam
808 1801 824 1860 Ἰ
863 1805 933 1851 stein
968 1803 1097 1861 gewordan
1133 1817 1188 1851 vtes
1224 1804 1252 1851 ol
1284 1803 1392 1850 hoctuna
1428 1804 1462 1875 pu
1497 1809 1549 1851 sart
1584 1815 1650 1851 sunu
1703 1802 1756 1850 min
1859 1803 1912 1850 leot
1964 1817 1996 1850 on
2032 1803 2067 1851 'bo
2101 1804 2125 1851 ic
2142 1805 2190 1852 wel

252 1895 428 1950 manentem
455 1883 487 1946 in
562 1883 638 1969 ipso.
728 1885 776 1945 11.
797 1882 840 1946 Et
868 1903 930 1945 uox
994 1881 1074 1945 lacta
1142 1892 1187 1945 est
1217 1882 1256 1946 de
1290 1881 1383 1946 coelis
1424 1895 1458 1945 tn
1510 1904 1542 1946 es
1576 1882 1658 1946 lilius
1689 1904 1775 1946 mens
1814 1881 1942 1945 dilectus
1964 1882 1995 1944 in
2034 1894 2064 1946 te
2106 1904 2190 1947 com-

266 2022 347 2070 licade
509 2016 525 2077 Ἰ
580 2033 642 2068 sons
702 2022 733 2092 ps
750 2026 806 2078 gast
874 2018 931 2066 daal
994 2017 1052 2065 hine
1094 2032 1126 2066 on
1187 2025 1280 2067 weston
1459 2015 1475 2077 Ἰ
1513 2033 1568 2068 vas
1605 2033 1637 2068 on
1678 2025 1769 2066 westan
1851 2020 1978 2078 feowertig
2065 2021 2127 2081 daga
2170 2017 2186 2079 Ἰ

254 2100 365 2186 placui.
419 2099 468 2162 12.
491 2098 534 2162 Et
559 2097 661 2160 statim
688 2097 812 2183 spiritns
842 2096 960 2183 expulit
987 2118 1058 2161 eum
1093 2097 1125 2159 in
1147 2097 1311 2162 desertum.
1367 2098 1416 2161 13.
1446 2098 1487 2162 Et
1507 2109 1573 2164 erat
1599 2101 1633 2161 in
1660 2098 1781 2162 deserto
1803 2097 2009 2183 quadraginta
2030 2099 2136 2163 dicbus
2159 2113 2189 2162 ct

292 2236 419 2295 taenarttg
515 2234 596 2281 nahts
650 2233 666 2292 Ἰ
704 2247 759 2282 was
777 2233 891 2282 sounnad
925 2237 962 2282 tro
997 2237 1060 2307 pem
1075 2233 1252 2283 vlbsrwesrda
1299 2248 1353 2282 waes
1420 2234 1477 2284 mi'6
1513 2236 1586 2283 wilda
1600 2236 1703 2283 deorum
1730 2231 1746 2292 Ἰ
1783 2236 1867 2294 anglae
1903 2234 2187 2306 gepegnadonlherdon

251 2313 459 2399 quadraginta
481 2312 621 2376 noctibus
643 2322 673 2374 et
709 2313 883 2376 tentabatur
934 2335 953 2376 a
1060 2323 1167 2376 satana
1259 2325 1386 2399 eratque
1407 2336 1478 2378 cum
1551 2315 1654 2379 bestiis
1723 2324 1754 2378 et
1774 2315 1878 2399 angeli
1933 2315 2145 2378 ministrabant

260 2449 312 2496 him
502 2449 571 2496 atter
588 2449 640 2519 pon
697 2447 832 2496 vutndllcs
884 2448 970 2510 gesald
1023 2463 1077 2498 was
1111 2449 1231 2498 iohannes
1273 2463 1351 2498 esrom
1386 2465 1412 2498 sa
1431 2452 1479 2499 baal
1514 2454 1541 2499 in
1617 2453 1708 2512 galilea
1820 2451 1918 2501 bodada
2017 2451 2158 2513 godepelles

191 2531 230 2593 10
251 2527 306 2591 illi.
391 2527 440 2589 14.
477 2525 647 2611 Postquam
717 2538 820 2592 autem
861 2527 991 2590 traditus
1026 2538 1073 2592 eat
1103 2527 1236 2593 loannes
1266 2529 1349 2592 uenit
1382 2528 1471 2594 lesus
1509 2531 1541 2594 in
1574 2531 1747 2596 Galilaeam
1777 2531 1959 2617 praedicans
1991 2530 2190 2616 euangelium

274 2665 324 2712 rica
369 2662 445 2725 godes
570 2660 586 2721 Ἰ
623 2665 755 2736 cvspende
807 2666 894 2736 torpori
971 2665 1081 2725 gotyllcd
1143 2668 1164 2713 is
1243 2665 1296 2714 tide
1356 2661 1373 2723 Ἰ
1428 2674 1454 2714 to
1471 2667 1633 2726 gonealacedo
1743 2668 1793 2715 rica
1845 2668 1922 2728 godes
1982 2668 2118 2740 hraowsiap
2169 2666 2188 2726 Ἰ

250 2743 341 2829 regni
367 2742 439 2808 Dei.
490 2746 539 2809 15.
561 2742 603 2807 Et
633 2742 738 2808 dicens
773 2742 919 2827 quoniam
946 2743 1107 2828 impletum
1133 2754 1179 2806 cst
1207 2753 1327 2828 tempus
1353 2752 1384 2806 et
1404 2745 1662 2830 appropinquant
1689 2767 1822 2831 regnum
1843 2746 1904 2810 Dei
1938 2747 2136 2832 poenitemini
2158 2759 2190 2811 et

263 2881 360 2953 geletap
395 2881 422 2929 ln
439 2881 553 2944 godepert
708 2878 724 2937 Ἰ
801 2877 907 2926 (aranda
1010 2879 1037 2926 bi
1119 2891 1152 2926 sss
1237 2879 1327 2940 galilea
1379 2881 1459 2940 gasali
1494 2883 1590 2929 simona
1606 2879 1632 2956 p
1651 2884 1674 2930 ts
1691 2860 1830 2945 munst]
1905 2886 2009 2932 andreas
2080 2882 2173 2932 brobor

252 2960 367 3025 credite
388 2960 561 3045 euangelio.
611 2960 660 3022 16.
689 2957 731 3021 Et
758 2958 947 3043 praeteriens
976 2979 1064 3021 secus
1092 2979 1180 3022 mare
1199 2956 1359 3023 Galilaeae
1379 2959 1457 3023 uidit
1566 2958 1727 3026 Simonem
1810 2973 1841 3027 et
1869 2962 2031 3026 Andream
2059 2964 2187 3028 fratrem

267 3095 307 3144 lais
342 3096 384 3143 lrls
401 3095 527 3144 tendendo
562 3101 616 3143 nott
652 3109 683 3142 on
741 3107 773 3142 sa
824 3108 908 3144 norun
943 3096 1034 3169 torpori
1103 3095 1202 3143 fisceres
1423 3091 1439 3153 Ἰ
1483 3099 1556 3170 ceap
1592 3098 1637 3145 beo
1654 3104 1681 3145 to
1716 3112 1743 3146 se
1760 3098 1807 3144 hal
1851 3102 1939 3171 cumsp
1979 3101 2046 3146 altor
2082 3112 2121 3146 ma
2165 3095 2182 3155 Ἰ

251 3177 316 3240 eius
354 3175 508 3238 mittentes
545 3173 623 3237 retia
648 3173 680 3235 in
714 3193 800 3235 mare
825 3185 913 3237 erant
952 3175 1035 3239 enim
1067 3174 1244 3259 piscatores.
1320 3175 1367 3236 17.
1410 3172 1451 3237 Et
1483 3175 1561 3238 dixit
1612 3172 1672 3240 eis'
1716 3177 1806 3242 Iesus
1842 3187 1942 3242 uenite
1974 3190 2045 3264 post
2075 3199 2127 3242 me
2157 3189 2188 3242 et

269 3312 348 3374 gedoa
378 3312 454 3359 sowlo
479 3308 672 3384 “pgebaopanl
684 3322 776 3370 gesson
820 3309 919 3358 fisceros
1005 3313 1101 3359 monna
1259 3307 1275 3368 Ἰ
1321 3311 1436 3360 ricarlics
1471 3312 1528 3362 mi'o
1544 3315 1577 3386 pp
1590 3314 1695 3363 torleton
1735 3322 1789 3362 nett
1842 3314 1958 3376 lylgende
1993 3328 2077 3362 werun
2118 3314 2170 3361 him

252 3391 363 3455 faciam
390 3410 446 3454 uos
598 3387 665 3452 fieri
786 3387 953 3474 piscatores
974 3387 1144 3454 hominum.
1177 3391 1225 3453 18.
1247 3388 1289 3453 Et
1308 3391 1447 3475 protinus
1528 3391 1641 3457 relictis
1704 3394 1818 3458 retibus
1850 3395 1945 3458 secuti
1996 3403 2068 3457 sunt
2105 3414 2186 3456 eum

358 3524 374 3586 Ἰ
463 3526 547 3574 loerde
623 3528 705 3598 pones
746 3527 808 3587 lytel
825 3528 897 3575 hwon
931 3527 1011 3588 gasali
1061 3528 1161 3576 iacobua
1206 3527 1309 3576 aebsdas
1327 3540 1393 3578 suna
1425 3524 1442 3586 Ἰ
1488 3531 1608 3580 iohannes
1661 3530 1756 3581 brobsr
1806 3532 1844 3579 lits
1878 3528 1894 3590 Ἰ
1933 3535 1965 3604 pa
1983 3532 2031 3579 llos
2047 3533 2059 3579 1
2076 3533 2118 3580 lits
2159 3532 2187 3578 in

190 3611 229 3674 15
261 3608 310 3672 19.
342 3606 384 3670 Et
415 3627 599 3692 progressus
631 3605 704 3670 inde
751 3604 898 3691 pusillum
935 3606 1012 3670 uidit
1031 3605 1179 3669 Iacobum
1220 3606 1375 3671 Zebedaei
1417 3617 1447 3670 et
1467 3608 1618 3672 Ioannem
1638 3610 1765 3673 fratrem
1787 3609 1851 3673 eius
1872 3619 1903 3675 et
1979 3611 2062 3697 ipsos
2153 3611 2187 3674 in

264 3763 318 3824 scip
405 3762 517 3819 gesotton
584 3756 683 3834 *pnett
809 3757 825 3816 Ἰ
861 3773 924 3809 sons
940 3760 951 3807 1
970 3759 1056 3810 ³ostitit
1090 3761 1206 3820 gaceigde
1258 3761 1300 3809 hia
1349 3757 1365 3820 Ἰ
1422 3760 1479 3810 mt'd
1498 3763 1531 3834 py
1549 3752 1599 3810 ilat
1649 3762 1725 3810 tader
1775 3763 1814 3812 lais
1875 3765 1996 3812 zebedeus
2055 3767 2082 3812 tn
2116 3762 2186 3824 scipo

251 3839 325 3903 naui
346 3848 566 3923 componentes
593 3837 679 3900 retia.
720 3837 770 3900 20.
791 3836 834 3900 Et
905 3838 1006 3901 statim
1087 3839 1209 3901 uocauit
1239 3838 1308 3903 illos
1340 3850 1370 3904 et
1453 3840 1560 3904 relicto
1633 3851 1721 3926 patre
1756 3866 1816 3907 sno
1844 3844 2007 3909 Zebedaeo
2045 3843 2078 3905 in
2111 3842 2185 3907 naui

256 3991 312 4042 mi'o
342 3985 579 4062 pithyramonnnm
611 3990 728 4050 tylgende
763 4004 853 4040 namn
889 3993 941 4041 him
1100 3987 1116 4049 Ἰ
1187 3992 1319 4041 intoerdun
1399 3993 1565 4056 capharnaum
1586 3996 1650 4065 pare
1670 3996 1731 4056 byrg
1773 3992 1789 4054 Ἰ
1849 4011 1911 4046 sona
1951 4004 2014 4046 reste
2034 3999 2107 4058 degas
2144 3996 2187 4044 in-

250 4095 321 4136 cum
361 4070 561 4136 mercenariis
622 4068 717 4133 secuti
777 4080 849 4134 sunt
873 4093 953 4135 eum.
1005 4071 1055 4134 21.
1082 4069 1124 4135 Et
1143 4071 1359 4159 ingrediuntur
1454 4072 1674 4158 Capharnaum
1764 4087 1794 4139 et
1824 4075 1925 4139 statim
1963 4077 2097 4141 sabbatis
2140 4076 2187 4138 in-

249 4226 334 4276 tosrde
351 4222 468 4271 lineods
501 4230 528 4272 to
563 4236 731 4284 somnungnm
782 4224 885 4282 golanda
927 4225 968 4273 hia
1145 4223 1161 4283 Ἰ
1198 4226 1326 4287 swigadun
1344 4226 1356 4272 1
1372 4225 1466 4287 stylton
1516 4227 1568 4275 oser
1652 4227 1708 4274 lero
1787 4228 1826 4276 lits
1862 4242 1918 4278 was
1952 4232 2041 4303 forpon
2077 4231 2185 4279 letands

299 4325 426 4391 gressus
499 4301 531 4364 in
553 4323 749 4388 synagogam
771 4302 900 4367 docebat
922 4326 984 4368 cos.
1044 4305 1095 4369 22.
1126 4304 1167 4370 Et
1242 4304 1406 4391 stupebant
1489 4327 1582 4392 super
1603 4305 1743 4369 doctrina
1770 4308 1835 4372 eins
1856 4318 1922 4373 erat
1953 4311 2038 4374 enim
2067 4310 2184 4373 docens

255 4460 297 4508 liis
330 4455 442 4506 scilcet
460 4466 510 4502 sva
550 4455 580 4501 ho
598 4455 687 4503 mebto
754 4454 832 4504 hetdo
872 4453 887 4513 Ἰ
936 4470 969 4503 no
1017 4472 1067 4506 swa
1109 4458 1218 4508 nbwntu
1389 4451 1405 4513 Ἰ
1449 4470 1503 4506 waes
1538 4461 1565 4505 in
1594 4471 1761 4520 somnungum
1796 4462 1870 4510 heora
1913 4476 1990 4512 monn
2025 4465 2050 4511 in
2095 4468 2166 4524 gasto

250 4560 304 4603 eos
367 4535 456 4622 quasi
527 4543 709 4619 potestatem
730 4535 847 4600 habens
868 4545 898 4598 et
920 4557 982 4600 non
1004 4537 1082 4601 sicut
1102 4538 1230 4603 scribac.
1289 4536 1339 4600 23.
1371 4536 1413 4600 Et
1440 4549 1507 4601 erat
1534 4538 1564 4601 in
1592 4561 1755 4626 synagoga
1774 4562 1882 4605 eornm
1904 4542 1998 4607 homo
2020 4543 2051 4605 in
2073 4543 2186 4624 spiritu

256 4693 396 4740 nnclaennm
453 4684 469 4745 Ἰ
532 4687 568 4734 ott
585 4688 703 4749 aleopsde
849 4691 987 4761 cnapende
1028 4690 1099 4740 hwet
1151 4705 1180 4740 us
1241 4688 1256 4748 Ἰ
1295 4689 1329 4740 'ds
1365 4692 1506 4765 pybelend
1543 4690 1753 4742 benazarsnisca
1787 4699 1903 4768 comapu
1939 4696 2185 4747 tolosanellorens

186 4771 228 4834 20
250 4767 409 4832 immundo
453 4775 484 4830 et
526 4765 711 4830 exclamauit
772 4767 823 4830 24.
872 4769 976 4832 dicens
1026 4770 1210 4855 quidnobis
1232 4770 1338 4834 ettibi
1402 4771 1474 4835 Iesu
1568 4772 1731 4836 Nazarene
1785 4774 1897 4838 uenisti
1990 4776 2121 4862 perdere

245 4922 301 4971 uslo
328 4923 410 4968 tonat
435 4921 551 4992 hwatpu
578 4925 630 4967 sart
682 4919 750 4980 halig
807 4921 857 4981 god
976 4919 992 4980 Ἰ
1029 4923 1126 4972 bebeod
1143 4923 1155 4970 1
1171 4922 1286 4971 bebodsn
1321 4924 1343 4972 ts
1378 4924 1431 4971 blm
1466 4938 1493 4971 sa
1510 4924 1604 4973 halend
1640 4925 1782 4975 masenot
1834 4930 1910 4988 striga
1928 4932 1962 5001 pn
2014 4924 2030 4987 Ἰ
2068 4943 2114 4988 goa
2157 4930 2187 4978 ot

248 5020 305 5064 nos
347 4998 411 5062 scio
467 4999 520 5085 qui
579 4998 619 5060 sis
650 5009 773 5062 sanctus
795 4997 866 5062 Dei.
896 4999 946 5063 25.
968 4998 1010 5064 Et
1061 5000 1263 5065 comminatus
1313 5013 1359 5066 est
1396 5004 1423 5067 ei
1495 5004 1583 5068 lesus
1664 5005 1767 5070 dicens
1813 5008 1988 5073 obmutesce
2009 5020 2038 5072 ct
2064 5009 2115 5072 exi
2144 5008 2185 5074 de

247 5150 313 5201 snm
332 5163 408 5199 menn
426 5157 479 5210 gast
497 5151 606 5199 unctam
795 5147 811 5208 Ἰ
848 5152 948 5201 bitsnds
966 5153 978 5200 1
996 5156 1038 5203 bat
1073 5153 1131 5201 bina
1205 5159 1260 5214 gast
1334 5153 1368 5203 bs
1386 5155 1497 5203 unclens
1548 5151 1564 5213 Ἰ
1602 5156 1768 5218 otcliopsnda
1802 5159 1889 5208 stelas
1950 5159 2050 5208 micelro
2067 5160 2078 5206 1
2095 5161 2184 5210 micale

352 5229 487 5292 homine.
690 5228 740 5291 26.
772 5227 813 5292 Et
855 5231 1031 5318 discerpens
1066 5252 1137 5294 eum
1168 5232 1292 5318 spiritus
1326 5232 1503 5299 immundus
1537 5244 1567 5299 ot
1598 5235 1775 5301 exclamans
1805 5259 1883 5302 uoce
2006 5261 2121 5325 magna
